3164 5182
609 358 807 427 ..7.„

64 543 237 606 adhibuisse
258 544 445 622 exploratum
461 552 549 619 esset,
574 551 673 606 tamen
689 543 721 605 in
735 543 794 607 vita
810 543 1005 606 illustrissimi
1019 543 1156 619 oratoris,
1180 544 1265 609 cuius
1281 566 1345 608 ora·

64 653 161 713 tiones
178 653 208 712 in
224 653 363 713 omnibus
380 660 443 712 tum
459 652 536 712 ludis
553 650 725 727 legebantur
741 672 919 729 summoque
931 652 1028 712 studio
1041 644 1253 727 tractabantur,
1270 654 1349 717 libre

64 762 133 838 ipso
157 769 295 822 accurate
318 761 499 838 exquirendo
523 759 752 820 examinandum
777 767 847 832 erat,
873 759 899 819 si
923 761 998 819 forte
1011 760 1101 821 latius
1117 760 1206 821 solito
1222 761 1347 825 circum«,

65 869 196 946 spexerit
212 876 240 928 et
255 888 328 928 num
345 888 422 945 quae
436 868 559 944 vestigia
575 875 699 941 exstent,
714 868 822 944 quibus
834 867 1028 927 Plutarchum
1044 887 1080 929 ex
1095 867 1237 944 perlectis
1250 868 1346 946 ipsius

64 975 193 1036 oratoris
217 975 300 1035 libris
324 977 438 1035 fructus
462 975 577 1057 cepisse
601 982 752 1052 appareat.
1134 1036 1137 1042 Δ

103 1103 107 1110 ·
172 1084 253 1143 Haec
278 1090 362 1143 erant
385 1084 421 1143 de
444 1082 597 1158 Roesigeri
622 1083 776 1160 principiis
804 1082 1027 1160 praemittenda.
1076 1082 1224 1155 Quoniam
1247 1092 1347 1150 autem

67 1192 239 1268 probavisse
256 1191 329 1250 mihi
345 1191 453 1263 videor,
471 1190 664 1251 Plutarchum
680 1189 709 1249 in
726 1190 867 1266 eligendis
881 1189 1075 1267 scriptoribus
1085 1211 1146 1251 uon
1159 1211 1214 1252 suo
1225 1192 1347 1255 arbitrio

65 1298 241 1370 indulsisse,
275 1299 327 1357 sed
358 1298 505 1375 optimum
529 1305 557 1356 et
581 1297 759 1358 fidissimum
784 1318 932 1375 quemque
955 1297 1130 1374 scriptorem
1154 1299 1348 1361 deterioribus

66 1406 254 1483 praetulisse,
279 1426 340 1465 non
363 1406 424 1466 iam
446 1405 565 1467 difficile
589 1413 634 1464 est
656 1405 770 1482 reliqua
795 1424 913 1482 quoque
935 1413 1110 1481 argumenta
1129 1405 1209 1465 illius
1225 1405 1346 1478 diluere,

65 1495 240 1591 praesertim
264 1532 343 1599 cum¹
356 1514 469 1586 eodem,
495 1532 557 1589 quo
577 1513 629 1578 illa
653 1512 806 1589 principia,
830 1512 901 1571 vitio
922 1512 1066 1582 laborent,
1091 1519 1123 1571 ut
1145 1511 1228 1573 illata
1250 1532 1347 1589 neque

65 1641 82 1680 e
105 1621 180 1681 libro
203 1620 334 1680 derivata
358 1620 427 1683 sint.
466 1619 564 1696 Atque
579 1620 709 1696 primum
726 1619 845 1696 quidem
860 1619 970 1679 falsum
993 1627 1047 1692 est,
1072 1619 1254 1681 Demetrium
1269 1620 1347 1695 Mag·

51 1706 162 1788 netem
178 1725 387 1787 Demosthenis
404 1727 638 1802 magnitudinem
655 1727 830 1791 imminuere
846 1727 1006 1800 studuisse,
1031 1729 1110 1804 quod
1133 1735 1165 1788 ut
1188 1727 1347 1804 intelligas,-

66 1835 199 1895 animum
224 1853 335 1911 quaeso
359 1835 494 1894 adhaec
517 1836 662 1918 attendas,

172 1943 295 2002 Duobus
319 1942 393 2002 locis
417 1943 545 2002 Demetr.
572 1943 694 2016 Magnes
719 1942 894 2002 nominatim
918 1944 1038 2002 affertur
1062 1943 1101 2016 (c.
1122 1946 1159 2004 15
1184 1951 1214 2003 et
1236 1926 1346 2016 aar).

71 2050 156 2121 Quod
172 2049 250 2109 enirn
263 2048 405 2124 Roesiger
420 2049 534 2127 putavit
548 2069 625 2126 cap.
641 2053 682 2112 14
695 2068 812 2126 quoque
827 2049 916 2109 huius
927 2049 1127 2110 testimonium
1142 2059 1259 2112 exstare
1271 2071 1349 2112 com·

70 2156 204 2234 pluribus
228 2157 328 2216 causis
353 2158 479 2233 probare
501 2176 626 2233 nequeo.
666 2157 743 2217 Nam
767 2176 791 2216 c.
813 2159 852 2218 10
869 2162 898 2215 et
915 2160 952 2218 11
976 2157 1105 2217 Demetr.
1129 2157 1347 2219 Plralereum

68 2264 166 2324 afferri
190 2263 326 2336 vidimus,
351 2264 473 2338 Magnes
496 2283 564 2323 vero
591 2263 720 2340 primum
743 2283 768 2323 c.
789 2267 827 2324 15
852 2270 914 2322 toto
938 2263 1059 2323 nontine
1081 2264 1239 2341 additoque
1261 2266 1346 2339 libro,

66 2391 125 2448 quo
148 2371 221 2431 illud
247 2371 392 2448 scriptum
408 2378 479 2444 erat,
504 2371 682 2431 nominatur.
718 2371 830 2430 Deinde
846 2369 918 2430 mihi
935 2372 1114 2447 persuadere
1128 2392 1189 2432 non
1212 2392 1346 2449 possum,

65 2478 259 2538 Plutarchum
274 2477 443 2553 Magnetem
458 2485 610 2538 auctorem
626 2478 667 2538 rei
683 2477 734 2538 illo
748 2477 844 2554 capite
856 2484 1038 2538 memoratae
1049 2498 1197 2557 usurpare
1207 2487 1348 2560 conatum

65 2605 148 2658 esse3
171 2605 242 2644 nam
266 2592 403 2645 accurate
427 2587 558 2663 probabo
574 2585 767 2646 Plutarchum
790 2592 818 2644 et
840 2584 871 2645 in
887 2585 1096 2646 Demosthenis
1112 2585 1171 2647 vita
1190 2587 1346 2661 rationem,

65 2711 155 2768 quam
181 2691 255 2752 Cim.
280 2711 306 2752 e.
333 2695 351 2752 2
377 2693 569 2768 praedicavit,
602 2700 737 2753 secutum
760 2693 885 2752 honeste
907 2693 985 2752 facta
1008 2692 1205 2754 libentissime
1228 2701 1348 2754 auctore

64 2820 125 2860 non
149 2799 247 2859 addito
272 2799 448 2873 exscribere,
474 2801 600 2877 turpiter
623 2800 786 2860 commissa
808 2820 963 2876 nunquam
986 2801 1044 2861 uisi
1066 2801 1200 2879 pluribus
1216 2801 1348 2862 tontibus

64 2909 161 2984 iisque
184 2907 420 2983 aequalibus
444 2908 583 2968 adhibitis
606 2908 699 2968 literis
723 2907 908 2983 consignare.
948 2909 1049 2985 ltaque
1071 2908 1279 2971 dubiumnon
1291 2915 1346 2983 est,

65 3015 138 3091 quin
148 3014 296 3073 Demetrio
308 3014 451 3076 Phalereo
465 3015 496 3075 in
507 3034 539 3076 re
550 3022 613 3076 tam
624 3014 823 3092 ignominiosa
835 3035 921 3075 aures
940 3015 1116 3092 praebuerit,
1133 3016 1243 3093 quippe
1259 3034 1346 3093 quem

65 3121 258 3182 Demostheni
274 3121 450 3182 familiarem
474 3123 567 3183 luisse
589 3125 668 3184 haud
692 3123 870 3199 ignoraverit
893 3123 943 3196 (cf.
961 3142 986 3182 c.
1007 3126 1044 3184 11
1064 3122 1157 3196 init.);
1179 3123 1347 3200 Magnetem

65 3236 144 3289 certe
167 3228 331 3307 respuisset
355 3228 404 3302 (el.
429 3249 454 3290 c.
481 3233 521 3291 30
547 3231 643 3303 extr).

173 3336 311 3397 Ceterum
327 3344 359 3396 ut
374 3338 573 3397 concedamus
589 3338 755 3413 Magnetem
771 3337 831 3397 illic
847 3337 1013 3414 inspectum
1031 3356 1106 3410 esse,
1131 3338 1212 3413 quod
1227 3337 1346 3413 quidem

65 3443 226 3519 Roesigero
249 3443 306 3520 ipsi
324 3463 352 3520 p.
372 3447 412 3504 36
436 3445 569 3504 nondum
593 3444 783 3520 perspicuum
807 3464 873 3504 esse
896 3444 1019 3516 videtur,
1043 3443 1185 3519 Roesiger
1208 3443 1346 3504 hocloco

65 3551 252 3610 vehementer
275 3551 391 3612 erravit.
435 3551 552 3611 Etenim
575 3569 644 3610 cum
654 3549 770 3610 diversa
793 3550 823 3609 in
846 3549 1078 3611 Demosthenem
1101 3551 1198 3610 studia
1224 3552 1347 3627 probare

66 3660 191 3730 studeat,
217 3659 385 3735 repperisse
408 3679 441 3718 se
464 3658 602 3734 opinatur
625 3675 768 3732 magnum
790 3657 976 3718 diversorum
995 3657 1121 3717 sontium
1135 3658 1347 3719 documentum

66 3764 182 3824 collatis
206 3784 275 3824 cum
298 3765 439 3824 Demetrii
463 3772 525 3824 turn
550 3763 597 3823 his
621 3764 761 3824 extremis
784 3765 896 3825 verbis:
925 3755 988 3822 ἐπεὶ
1017 3761 1084 3830 τοὺς
1107 3780 1140 3839 γε
1163 3754 1348 3825 καθ’«αὑτὸν

65 3861 193 3951 ῥήτορας
215 3867 268 3928 καὶ
290 3877 331 3948 τῷ
355 3868 407 3949 βίῳ
430 3865 571 3952 παρῆλθε
595 3890 620 3930 c.
640 3874 681 3934 14
697 3872 785 3944 med,
811 3891 880 3931 cum
903 3872 955 3944 eis,
982 3891 1058 3948 quae
1080 3890 1106 3930 c.
1126 3873 1165 3933 13
1178 3871 1214 3931 in
1229 3872 1347 3932 laudem

65 3978 274 4038 Demosthenis
303 3979 381 4039 dicta
408 3985 517 4038 essent.
564 3978 641 4038 Nam
671 3998 740 4038 cum
769 3979 846 4038 Plut.
871 3978 1080 4039 Demosthenis
1103 3985 1230 4039 mortem
1254 3999 1279 4039 c.
1306 3982 1345 4043 13

65 4085 270 4145 testimonium
281 4086 465 4146 constantiae
483 4105 551 4146 esse
573 4086 734 4163 scripserit,
750 4087 876 4162 flagitari
894 4107 918 4148 c.
942 4090 983 4150 14
1000 4088 1039 4148 in.
1062 4119 1097 4129 -
1118 4088 1168 4148 uhi
1181 4070 1347 4148 Demetrius

66 4200 151 4251 autor
173 4192 341 4251 nominetur
362 4193 464 4253 -vix
488 4193 627 4252 credibile
648 4192 739 4266 dictu,
764 4195 888 4253 eandem
910 4202 1037 4254 mortem
1061 4203 1093 4255 ut
1117 4195 1235 4271 signum
1258 4195 1348 4272 turpi-

65 4299 175 4359 tudinis
199 4319 265 4360 esse
289 4301 455 4361 credamne.
495 4302 611 4364 Etenim
627 4302 857 4362 Demosthenem
880 4303 917 4361 ad
941 4303 1104 4363 laudandas
1128 4303 1276 4363 maiorum
1299 4322 1348 4363 res

65 4408 235 4484 praeclaras
259 4407 449 4486 aptissimum
473 4409 539 4482 dici,
565 4411 601 4469 ad
626 4409 784 4475 imitandas
807 4410 886 4468 haud
910 4412 1146 4486 accomodatum,
1171 4401 1208 4470 ‘id
1233 4410 1348 4489 quode

64 4523 160 4576 morte
183 4514 247 4577 eius
271 4525 482 4594 cognoscatur:
506 4507 569 4575 ἐπεὶ
591 4514 658 4584 τοὺς
680 4534 714 4594 γε
737 4559 743 4577 ,
768 4557 775 4575 .
799 4530 827 4576 a.
850 4531 873 4575 τ.
896 4506 932 4575 lt'
