3158 5152
687 392 903 466 1-2'7..

259 579 340 660 Quae
363 580 392 642 in
417 581 463 641 his
481 581 626 659 capitibus
643 582 753 659 insunt,
778 583 877 645 omnia
894 592 944 644 urit
960 603 995 645 ex
1016 581 1156 645 memoria
1177 589 1228 645 aut
1250 602 1286 644 ex
1309 577 1425 659 ingenio

149 688 323 767 repetivisse
346 690 467 750 videtur.

258 797 366 874 ltaque,
394 806 550 875 postquam
574 798 699 858 breviter
723 798 916 870 adumbravit,
941 798 1087 874 quomodo
1111 797 1264 875 utriusque
1288 815 1384 857 mores
1401 803 1429 856 et

148 903 268 963 fortuna
291 905 489 978 convenirent,
515 907 552 965 ad
575 905 782 966 Demosthenis
806 905 893 965 vitam
919 904 1039 965 accedit.

258 1011 289 1071 C.
316 1015 335 1072 4
360 1012 421 1075 init.
440 1013 516 1076 Plut.
534 1013 599 1090 ipse
622 1013 730 1072 diserte
754 1012 1033 1091 Theopompum
1056 1012 1165 1086 laudat,
1191 1031 1249 1089 qqo
1273 1011 1339 1087 ipso
1363 1011 1427 1069 loco

148 1118 281 1196 suspicio
305 1127 437 1180 movetur
460 1120 538 1180 hunc
563 1140 652 1197 saepe
675 1141 711 1180 ex
727 1120 835 1180 Aesch.
861 1120 1042 1180 orationibus
1066 1106 1313 1203 hausisse3³3nam
1335 1118 1428 1177 Theo·

148 1245 277 1303 pompus
294 1247 341 1303 ap.
359 1228 436 1291 Plut.
454 1227 588 1303 congruit
605 1247 673 1286 cum
690 1228 797 1287 Aesoh.
817 1230 845 1300 3,
866 1229 941 1288 171:
966 1224 1057 1304 τοότιρ
1080 1225 1177 1307 πατὴρ
1197 1223 1250 1306 μὲν
1272 1217 1308 1305 ἧν
1330 1216 1427 1304 Δημο-

146 1327 259 1413 σθένης
275 1324 439 1403 Παιανιεός,
463 1327 538 1414 ἀνὴρ
561 1326 730 1411 έλεόδερος,
755 1325 789 1392 οδ
809 1333 865 1412 γάρ
881 1329 925 1391 δεῖ
939 1328 1107 1414 ψεόδεσδαι,
1131 1341 1159 1392 et
1175 1332 1326 1392 Plutarchi
1342 1332 1430 1391 verba

146 1439 288 1517 deinceps
305 1460 340 1500 ex
352 1440 508 1514 Aeschine,
526 1441 575 1519 qui
588 1441 763 1501 nominatim
776 1444 903 1514 altertur,
921 1443 1095 1518 deprompta
1111 1442 1222 1514 eodem,
1240 1460 1328 1518 quem
1342 1439 1428 1498 modo

146 1547 312 1620 attulimus
330 1549 394 1607 loco
407 1549 594 1608 inveniuntur
610 1549 653 1607 vel
672 1549 769 1626 potius
787 1548 920 1625 proxime
933 1549 957 1607 ei
972 1550 1141 1611 succedunt.
1178 1547 1222 1607 Ex
1235 1547 1429 1623 Theopompo

146 1655 251 1734 procul
275 1655 363 1715 dubio
388 1664 415 1714 et
439 1675 513 1732 quae
537 1655 611 1716 inter
634 1656 689 1714 hos
713 1657 794 1716 locos
818 1656 926 1716 iacent:
952 1646 1122 1712 ἐπεκαλεῖτο
1147 1649 1179 1710 δὲ
1195 1697 1225 1711 ..
1250 1653 1428 1730 transcripta

147 1770 227 1822 sunt.
266 1763 367 1839 Neque
390 1783 468 1836 vero,
493 1764 571 1840 quod
595 1761 683 1821 huius
709 1783 824 1840 quoque
848 1762 969 1822 notitiae
992 1763 1070 1838 apud
1087 1761 1194 1823 Aesch.
1215 1764 1242 1834 2,
1262 1764 1302 1820 93
1320 1760 1428 1820 mentio

146 1877 245 1929 exstat
268 1863 333 1948 (καὶ
356 1863 542 1949 σεμνολογεῖς
565 1860 634 1950 ἡμῖν
655 1861 696 1935 ὡς
712 1859 767 1926 οάκ
783 1860 871 1932 εἰδόσι
886 1867 1004 1934 τοότοις,
1029 1860 1070 1925 ὅτι
1085 1859 1297 1948 Δημοσθένους
1320 1857 1383 1932 οἷός
1406 1857 1430 1923 εἷ

145 1973 238 2042 νόθος
248 1981 297 2033 τοῦ
305 1971 545 2056 μαχαιροποιοῦ),
557 1976 629 2036 tanti
640 1975 781 2035 momenti
792 1983 846 2049 est,
860 1984 891 2036 ut
901 1977 944 2035 vel
953 1976 1178 2052 Theopompum
1189 1974 1429 2034 velPlutarchum

146 2085 185 2144 ad
211 2104 276 2143 eam
300 2084 465 2143 orationem
480 2083 643 2143 recurrisse
661 2091 808 2160 putemus,
833 2103 902 2142 cum
918 2084 1071 2158 aequalem
1087 2082 1260 2158 scriptorem
1276 2082 1335 2140 tale
1352 2081 1429 2156 quic·

147 2212 239 2269 quam
255 2191 366 2266 fugisse
382 2190 546 2250 existimari
563 2198 697 2268 nequeat.
734 2189 862 2249 Omnino
873 2189 951 2248 enim
963 2189 1162 2248 moderatione
1175 2196 1292 2246 utamur
1307 2207 1430 2248 necesse

146 2307 208 2370 est3
233 2299 331 2374 itaque
355 2298 427 2358 satis
450 2298 620 2357 habendum
643 2305 697 2371 est,
722 2298 889 2374 ubicunque
906 2297 1116 2374 Theopompus
1133 2293 1305 2355 nominatim
1322 2295 1429 2354 allatus
1508 2273 1511 2280 ¹

148 2425 218 2465 cum
234 2405 382 2464 Aeschine
397 2405 552 2478 consentit,
578 2405 634 2464 hcc
658 2404 824 2476 monuisse3
849 2424 943 2480 neque
967 2403 1045 2464 enim
1062 2402 1199 2479 cuiquam
1216 2401 1372 2478 continget,
1397 2410 1429 2462 ut

148 2532 203 2590 pro
227 2521 306 2572 certo
327 2514 483 2572 contendat
507 2512 733 2588 Theopompum
749 2510 905 2570 Aeschinis
923 2510 1069 2570 orationes
1086 2510 1146 2568 scre
1162 2509 1335 2569 adverbum
1352 2528 1430 2568 com·

148 2619 270 2698 pilasse,
295 2620 410 2679 etiamsi
435 2639 494 2678 non
518 2639 634 2695 semper
659 2625 687 2676 et
711 2617 758 2677 vix
782 2618 832 2677 diu
856 2620 943 2677 rebus
967 2616 1197 2676 Atheniensibus
1221 2611 1391 2686 interluit.¹l

257 2726 339 2799 Quae
354 2729 390 2786 de
406 2728 514 2786 damno
531 2748 548 2786 a
564 2725 710 2785 tutoribus
728 2734 850 2803 accepto
866 2733 1031 2797 narrantur,
1057 2745 1092 2783 ex
1109 2724 1191 2786 Dein.
1210 2743 1251 2783 or.
1269 2743 1294 2786 c.
1313 2723 1428 2799 Aphob.

147 2835 172 2893 ll
200 2835 250 2906 27,
277 2835 295 2892 4
322 2852 388 2909 sqq.
413 2834 450 2892 ad
474 2833 594 2891 verbum
619 2839 759 2906 congesta
784 2840 867 2892 sunt:

362 2940 438 2999 Plut.
464 2958 488 2998 c.
514 2944 547 3000 4:
975 2938 1127 2998 Demosth.
1155 2939 1205 3010 27,
1234 2940 1267 2997 4:

196 3059 224 3124 1.
249 3055 442 3145 ἀπολειφθεὶς
469 3055 493 3119 δ’
523 3055 538 3120 ὁ
569 3053 687 3120 Δ..δπ“ο
713 3066 764 3119 τοῦ
865 3060 893 3127 l.
912 3057 928 3140 ξ
947 3059 981 3127 4;
1005 3056 1038 3121 Δ.
1055 3053 1146 3143 οδμός
1166 3059 1262 3141 πατὴρ
1277 3055 1430 3117 κατέλιπεν

146 3168 259 3248 πατρὸς
281 3161 422 3252 ἑπταέτης
822 3202 857 3211 -
884 3163 936 3249 ἐμὲ
959 3161 1019 3226 ἕπτ’
1040 3161 1110 3227 ἐτων
1133 3163 1202 3226 ὄντα

194 3275 224 3337 2.
242 3268 271 3334 ἐν
286 3267 407 3356 εὐπορία
424 3271 541 3358 (μικρὸν
553 3277 610 3356 γάρ
626 3271 763 3334 ἀπέλιπεν
863 3275 893 3338 2.
907 3272 924 3355 ᾗ
938 3275 970 3340 9;
989 3271 1198 3333 πεντεκαίδεκα
1213 3269 1361 3331 ταλάντων
1373 3271 1428 3351 γάρ

146 3376 166 3466 ἡ
192 3381 334 3464 σόμπασα
349 3382 462 3466 τίμησις
478 3376 566 3442 odron
586 3390 638 3465 της
662 3375 764 3450 oristas
814 3383 878 3464 τρία
901 3379 1029 3441 τάλαντα
1051 3382 1164 3464 τίμημα

146 3485 357 3548 πεντεκαίδεκα
380 3486 457 3572 παλ.)

193 3596 224 3662 3.
248 3588 303 3655 ἀπὸ
327 3604 382 3656 των
398 3590 557 3676 ἐπιτρόπων
578 3590 712 3679 ἠδικήθη
728 3597 764 3654 τὰ
861 3597 891 3658 3.
916 3600 1042 3658 conflata
1066 3618 1101 3657 ex
1118 3601 1133 3669 ὅ
1153 3600 1191 3657 13
1210 3618 1285 3673 sqq,
1305 3599 1344 3655 40
1363 3614 1427 3670 sqq.

146 3703 200 3785 μὲν
215 3704 431 3787 νοσφισαμένων
451 3703 487 3762 τά
503 3696 528 3760 δ’
543 3699 762 3787 ἀμελησάντων,
818 3709 832 3777 ξ
860 3711 914 3769 13;
942 3738 980 3746 -
1006 3703 1222 3785 νοσφισαμένων
1249 3735 1286 3744 -

817 3815 831 3884 ἓ
857 3818 913 3876 4οῑ
941 3844 980 3854 -
1006 3806 1214 3894 ἀμελησάντων
1239 3841 1278 3849 —

192 3933 223 3999 4.
248 3927 321 3994 ὥστε
336 3952 365 3996 κ.
383 3942 438 3994 των
462 3931 649 3994 διδασκάλων
673 3928 762 3994 αὐτοῦ
863 3943 891 4000 4,
909 3940 924 4009 §
942 3941 999 4002 46;
1016 3929 1090 3994 ὣστε
1106 3953 1133 3994 κ.
1149 3933 1216 4003 τοὺς
1232 3928 1430 3997 διδασκάλους

144 4041 195 4101 τὸν
219 4040 326 4122 μισθὸν
348 4036 553 4125 ἀποστερῆσαι.
815 4042 883 4112 τοὺς
905 4041 1031 4125 μισθοὺς
1054 4037 1244 4124 ἀπεστέρηκε.

258 4196 280 4265 1)
299 4200 412 4252 Constat
430 4199 640 4268 Theopompum
660 4201 697 4252 ol.
720 4199 770 4252 107
791 4200 907 4252 Athenis
926 4217 987 4253 cum
1006 4201 1124 4252 Isocrate
1143 4199 1197 4251 iam
1217 4199 1263 4251 diu
1282 4194 1380 4249 relictis
1400 4195 1429 4246 in

146 4287 215 4343 Asia
233 4293 432 4341 commoratum
452 4304 527 4348 esse;
547 4305 602 4356 quo
621 4289 718 4343 deinde
731 4307 759 4342 se
778 4290 922 4342 contulerit
934 4289 1077 4351 nescimus,
1098 4304 1264 4356 quamquam
1277 4285 1334 4337 sine
1347 4283 1429 4335 dultin

145 4378 247 4431 iterum
266 4383 347 4445 atque
365 4377 463 4430 iterum
480 4378 596 4431 Athenis
616 4379 675 4432 fuit.
696 4378 736 4431 Ol.
758 4377 816 4442 lli,
837 4379 853 4430 3
872 4378 987 4446 denique
1002 4378 1146 4431 Alexandri
1161 4377 1247 4445 gratia
1266 4377 1295 4428 in
1314 4372 1430 4442 patriam

146 4465 246 4521 Chium
262 4466 382 4531 revertit,
402 4482 456 4534 qua
468 4467 503 4519 43
517 4483 604 4519 armos
624 4472 756 4520 caruerat.
788 4468 883 4534 ltaque
898 4467 954 4520 veri
967 4465 1096 4519 dissimile
1108 4467 1220 4518 omnino
1233 4483 1288 4518 nou
1301 4470 1349 4526 est,
1369 4478 1431 4513 eum

145 4556 179 4613 ad
202 4571 245 4608 res
259 4555 360 4613 Athen.
381 4555 573 4613 describendas
592 4555 746 4628 aequalium
766 4555 902 4612 orationes
916 4572 995 4628 saepe
1014 4560 1040 4608 et
1059 4561 1136 4629 grato
1155 4555 1246 4613 animo
1266 4551 1430 4609 adhibuisse.
