3164 5182
692 358 906 428 ..47-

261 544 398 608 (leternm
422 564 491 607 cum
516 546 605 608 etiam
629 548 737 611 Aesch.
764 551 792 622 3,
821 549 881 609 158
908 547 1042 606 similiter
1065 547 1159 608 dicat:
1188 546 1236 605 τὸν
1260 539 1385 628 δαίμονα
1407 562 1436 606 κ.

145 652 202 735 τὴν
225 652 318 736 τόχην
333 653 385 734 τὴν
400 649 751 734 συμπαρακολουθοῦσαν
766 660 806 733 τῷ
823 647 973 732 ἀνθρώπῳ
990 648 1182 735 φυλάξασθαι
1198 687 1232 697 -
1249 655 1311 715 fieri
1328 637 1434 732 potest,

146 770 183 822 ut
217 763 371 839 utriusque
400 762 488 821 verba
504 762 671 821 Plutarcho
687 763 768 822 'haec
792 761 928 820 referenti
952 762 990 820 ob
1014 762 1117 820 oculos
1140 770 1256 822 versata
1281 763 1349 825 sint.
1392 763 1435 822 Ac

146 891 189 930 nc
213 870 279 946 quis
305 870 432 947 dubitet,
467 890 506 928 an
528 869 604 933 Plut.
634 871 707 929 adeo
731 889 853 946 operam
876 869 994 927 dedisse
1017 868 1158 942 videatur,
1185 877 1215 928 ut
1239 889 1275 928 ex
1299 870 1382 930 Dem.
1407 878 1434 929 et

147 978 260 1038 Aesch.
286 977 469 1036 orationihus
493 984 554 1036 tarn
578 978 672 1035 multa
696 983 881 1052 congereret,
915 975 1207 1036 animadvertendum
1233 985 1277 1036 est
1308 977 1436 1054 plurima

148 1105 265 1157 eorum,
290 1104 366 1160 quae
382 1084 459 1144 Plut.
477 1084 524 1142 his
549 1085 732 1143 orationihus
750 1084 885 1143 excussis
909 1084 1037 1159 praebet,
1063 1083 1173 1143 nisiex
1197 1084 1350 1160 utriusque
1373 1103 1436 1143 ora·

147 1191 225 1250 toris
242 1191 425 1251 orationibus
442 1191 527 1249 nohis
545 1198 615 1251 nota
631 1210 690 1249 non
708 1210 791 1261 esse;
811 1209 868 1266 qno
885 1189 1010 1248 efficitur
1027 1190 1196 1263 Plutarcho,
1214 1198 1246 1249 ut
1262 1191 1383 1266 reliquis
1399 1210 1436 1250 ex

148 1298 283 1356 fontibus
308 1297 467 1373 quicquam
489 1297 616 1369 eliceret,
641 1315 700 1355 non
717 1296 886 1370 contigisse.
924 1296 980 1356 Sed
1004 1297 1060 1355 hoc
1084 1316 1201 1374 quoque
1217 1299 1376 1357 tenendum
1393 1306 1437 1357 est

149 1425 221 1464 eum
244 1405 302 1463 nisi
325 1405 403 1463 iusta
427 1423 518 1463 causa
539 1405 575 1462 de
591 1404 635 1462 eis
651 1405 791 1476 fontibus
816 1404 866 1480 qui
881 1404 1039 1479 largiorem
1056 1405 1211 1467 materiam
1227 1408 1434 1482 praebuerunt,

148 1531 213 1570 non
236 1511 439 1571 declinavisse.

260 1619 361 1695 ltaque
372 1619 460 1677 etiam
474 1637 552 1694 cap.
562 1605 601 1677 22
616 1617 694 1677 notis
707 1617 877 1676 auctoribus
891 1618 987 1677 denuo
1001 1621 1194 1680 occurrimus.
1218 1621 1293 1680 Nem
1307 1621 1436 1698 primum

151 1726 276 1803 quidem
292 1724 449 1784 Aeschinis
471 1745 513 1787 or.
534 1728 551 1783 3
569 1726 584 1794 ἓ
605 1725 731 1784 77-78
750 1725 870 1798 atqne§
890 1725 950 1783 160
968 1726 1116 1798 excussit3
1141 1735 1269 1787 ceterum
1294 1730 1437 1788 nonnulla

151 1833 195 1892 ita
220 1834 377 1893 immutata
402 1840 480 1904 sunt,
505 1839 537 1891 ut
562 1831 685 1892 Schttier
709 1832 727 1890 l.
753 1851 793 1890 m.
819 1830 911 1891 11181
935 1841 1034 1893 annot.
1061 1838 1078 1893 2
1104 1834 1347 1896 animadverteret
1371 1856 1436 1896 eam

150 1941 355 2000 narrationem
378 1940 436 1999 alio
461 1961 496 1999 ex
518 1941 598 1999 fonte
622 1938 757 2015 prodisse
772 1937 874 2010 videri,
901 1959 1082 2016 quamquam
1095 1941 1171 2000 Plut.
1190 1961 1249 2002 non
1265 1944 1305 2003 ita
1321 1945 1436 2004 diversa

149 2049 289 2108 traderet.
307 2042 311 2050 ’
326 2048 384 2107 Sed
400 2048 486 2107 nobis
503 2047 631 2123 quidem,
658 2046 692 2117 si,
718 2045 901 2121 quodmodo
919 2046 1103 2123 disputatum
1120 2057 1173 2122 est,
1191 2053 1435 2126 reputaverimus

149 2157 188 2213 de
206 2155 263 2214 alio
280 2157 359 2214 fonte
375 2156 504 2230 cogitare
519 2174 595 2231 opus
612 2175 670 2212 non
688 2153 758 2224 erit;
775 2173 845 2210 nam
862 2162 977 2228 praeter
988 2156 1076 2214 verba
1089 2160 1247 2237 στεφανοῦν
1260 2149 1436 2239 ἐψηφίσαντο

150 2253 324 2319 Παυσανίαν
348 2283 424 2338 quae
444 2262 520 2321 alins
546 2261 717 2332 cuiusdam,
750 2260 877 2318 fortasse
899 2261 1086 2341 Theopomji
1110 2283 1146 2322 ex
1172 2264 1290 2341 scriptis
1314 2267 1436 2342 repetita

152 2376 233 2441 sunt,
258 2369 331 2428 nihil
355 2370 406 2442 eiS,
432 2389 508 2446 quae
530 2368 638 2428 Aesch.
663 2367 760 2435 habet,
785 2367 931 2425 absonum
955 2377 1008 2430 est.

314 2478 391 2536 Plut.
417 2497 442 2536 c.
471 2480 511 2536 22
535 2477 608 2538 init..

202 2586 229 2644 1.
251 2574 350 2658 Ἔγνω
374 2581 425 2662 μὲν
449 2575 499 2640 οὖν
521 2579 620 2663 κρίνρα
643 2579 694 2661 τὴν
717 2583 767 2636 που

150 2683 193 2748 Φ.
217 2686 351 2770 τελευτὴν
374 2682 449 2758 ὁΔ.,
472 2684 768 2767 προκαταλαμβάνων

150 2794 184 2854 δὲ
208 2797 240 2855 τό
263 2795 384 2876 θαρρεῖν
407 2789 454 2853 ἐπὶ
475 2795 511 2853 τὰ
532 2791 678 2876 μέλλοντα
701 2790 768 2859 τοὺς

149 2897 336 2986 Ἂθηναίους
359 2899 495 2984 προηλθε
517 2898 638 2984 φαιδρός
651 2893 701 2967 ,εἰς
717 2900 768 2981 τὴν

150 3006 271 3090 βουλήν,
302 3003 342 3077 ὡς
372 3004 442 3088 ’όναρ
472 3003 623 3088 ἑωρακώς,
653 3003 704 3090 ἀρ’
733 3001 767 3065 οὔ

148 3137 176 3176 τι
188 3117 265 3198 μέγα
275 3113 442 3196 προσδοκᾶν
453 3109 628 3198 Ἀθηναίοις
640 3110 767 3191 ἀγαθόν·

201 3549 230 3606 2.
253 3544 305 3602 καί
332 3540 393 3624 μετ’
418 3535 451 3602 ου
478 3540 554 3602 πολὺ
582 3550 719 3626 παρῇσαν
742 3534 768 3600 οἱ

151 3651 201 3710 τόν
217 3642 257 3709 Φ.
273 3649 402 3709 θάνατον
418 3645 657 3727 ἀπαγγέλλοντες·
678 3642 768 3716 εὐθὺς

150 3752 203 3817 οὖν
234 3754 324 3817 ἔθυον
357 3751 513 3835 εὐαγγέλια
551 3775 578 3816 κ.
611 3763 768 3840 στεφανοῦν

151 3859 332 3948 ἐφηρίσαντο
358 3861 535 3924 Παυσανίαν.

201 4086 229 4142 3.
246 4097 274 4138 κ.
290 4076 441 4163 προηλθεν
457 4073 474 4138 ὁ
489 4074 521 4138 Δ.
538 4075 616 4165 ἔχων
632 4075 768 4160 λαμπρὸν

150 4179 264 4268 ἱμάτιον
272 4181 515 4270 ἐστεφανωμένος,
524 4181 769 4270 ἑβδόμηνημὲραν

152 4301 206 4376 της
221 4293 370 4375 θυγατρὸς
386 4287 473 4354 αὐτου
489 4294 674 4377 τεθνηκυίας,
696 4285 736 4359 ως
752 4284 768 4349 ὁ

153 4393 243 4483 Αίσχ.
268 4401 339 4486 μησὶ
366 4399 506 4482 λοιδορῶν
533 4398 580 4461 ἐπὶ
602 4401 693 4479 τοὺτῳ
717 4397 769 4458 καὶ

151 4517 325 4592 κατηγορῶν
350 4503 439 4570 αὐτοῦ
461 4509 704 4592 μισοτεκνίαν

994 2476 1103 2536 Aesch.
1129 2497 1154 2536 c.
1181 2477 1259 2538 Ctes

866 2588 893 2646 1.
912 2586 939 2656 3,
957 2585 1006 2642 77:
1024 2574 1057 2642 Δ,
1076 2589 1191 2661 πρῶτος
1207 2579 1253 2642 διὰ
1269 2591 1324 2642 των
1340 2601 1435 2643 κατα-

819 2689 946 2758 σκόπων,
966 2696 1022 2747 τῶν
1037 2690 1118 2768 παρὰ
1135 2684 1320 2773 Χαριδήμου.
1336 2689 1435 2749 πυθό-

820 2815 906 2878 μενος
925 2799 976 2877 τὴν
992 2789 1032 2854 Φ.
1048 2792 1192 2878 τελευτην,
1218 2804 1274 2856 τῶν
1289 2797 1341 2878 μὲν
1356 2796 1436 2856 θεῶν

820 2885 998 2969 oppetam,
1010 2896 1103 2981 ἑαυτῷ
1115 2897 1241 2962 ἐνυπνιον
1252 2903 1435 2985 κατεψείισα-

819 3024 861 3078 το,
878 3001 918 3075 ὡς
930 3001 964 3066 οὐ
976 3010 1058 3089 παρὰ
1071 3005 1247 3093 Χαριδήμου
1263 3010 1294 3068 τὸ
1311 3018 1435 3090 πρᾶγμα

819 3115 1010 3196 πεπυσμένος,
1035 3109 1118 3174 ἀλλόι
1138 3116 1220 3196 παρὰ
1243 3121 1293 3174 τοῦ
1314 3108 1383 3182 Διὸς
1406 3130 1435 3172 κ.

819 3230 872 3305 της
895 3215 1040 3305 Ἀθηνᾶς,
1069 3217 1120 3290 ohe
1144 3216 1213 3304 μεθ’
1237 3216 1351 3304 ἡμέραν
1374 3214 1436 3278 ἐπι-

819 3338 916 3409 ορκων
931 3328 1042 3416 νίικτωρ
1067 3329 1152 3412 μησὶν
1168 3323 1262 3408 ἑαυτῷ
1286 3324 1437 3404 διαλέγεσ-

819 3434 874 3494 θαι
889 3453 917 3494 κ.
929 3436 965 3494 τὰ
981 3431 1126 3517 μέλλοντα
1142 3430 1263 3494 ἔσεσθαι
1278 3430 1436 3515 προλέγειν.

867 3549 895 3604 2.
911 3548 939 3617 3,
957 3547 1032 3606 160:
1054 3536 1154 3623 ἐπειδὴ
1172 3535 1196 3599 δ>
1212 3535 1379 3624 ἐτελεότησε
1396 3534 1436 3599 Φ.

820 3643 918 3718 ’ritca
932 3643 956 3706 δ’
966 3643 1007 3718 εἰς
1018 3649 1068 3731 τὴν
1086 3644 1183 3731 ἀρχὴν
1197 3650 1333 3730 κατέστη,
1349 3644 1436 3706 πόιλιν

821 3751 908 3825 αυτὸς
918 3758 1148 3838 τερατευόμενος,
1162 3748 1226 3836 ἱερὰ
1237 3755 1288 3836 μὲν
1300 3747 1436 3834 ίδρόσατο

822 3858 1002 3934 Παυσανίου,
1027 3857 1067 3932 εἰς
1091 3856 1184 3922 αἰτίαν
1208 3859 1240 3920 δὲ
1263 3854 1437 3938 ευαγγελίων

820 3969 928 4038 θυσίας
943 3971 993 4052 τὴν
1010 3967 1118 4052 βουλὴν
1134 3971 1295 4051 κατέστησε
1318 3974 1437 4050 ποιησαι

867 4083 895 4140 3.
923 4084 951 4153 3,
977 4084 1025 4142 77:
1050 4071 1177 4160 ἑβδόμην
1200 4069 1225 4134 δ’
1248 4069 1361 4158 ἡμέραν
1385 4081 1437 4157 της

820 4183 969 4264 θυγατρὸς
992 4178 1071 4262 αυτῷ
1094 4181 1348 4265 τετελευτηκυίας,
1373 4180 1437 4260 πρὶν

820 4292 968 4374 πενθῆσαι
994 4326 1033 4334 -
1063 4289 1171 4373 λευκὴν
1184 4342 1186 4344 .
1200 4284 1315 4373 ἐσθῆτα
1337 4285 1437 4365 λαβὼν

821 4393 972 4478 ἐβουθότει
997 4432 1037 4442 -

866 4511 882 4581 θ
910 4511 963 4571 78;
988 4500 1004 4566 ὁ
1027 4507 1257 4591 μισότεκνος
