3164 5182
683 340 810 444 ...⁵25
859 410 898 425 ...

147 560 229 624 locos
245 562 389 639 quosdam
401 562 437 623 ab
448 560 605 635 Aeschinis
618 569 645 621 et
657 561 864 623 Demosthenis
875 559 1042 621 narratione
1054 557 1230 619 dissidentes
1242 577 1299 618 suo
1310 554 1428 618 arbitrio

147 670 186 730 ita
199 670 382 743 immutasse,
400 679 432 729 ut
448 678 499 730 aut
516 669 663 730 contraria
679 669 787 729 diceret
805 678 863 742 aut,
882 688 957 746 quae
969 667 1027 726 nisi
1040 666 1157 744 aequali
1170 665 1309 744 scriptori
1321 665 1428 726 nemini

147 786 218 836 nota
242 798 308 836 esse
333 786 503 854 potuerunt,
535 779 662 838 adderet.
702 776 814 837 Deinde
834 772 983 849 Ruehr)
1008 774 1212 834 animadvertit
1234 773 1430 833 Plutarchum

147 884 220 945 Cim.
236 905 260 944 c.
282 888 296 945 7
315 887 352 944 ad
376 885 483 946 Aesch.
510 905 551 945 or.
577 886 605 944 in
631 885 710 945 Ctes.
736 887 751 957 ἓ
779 887 840 945 133
866 906 929 962 sqq.
956 890 1106 960 spectare3
1131 882 1180 958 qui
1204 881 1331 940 orationi
1357 881 1429 939 inse

146 1001 244 1051 ruerat
260 992 375 1051 Cimoni
399 995 436 1052 ob
459 991 611 1052 victoriam
636 992 672 1050 ad
690 991 876 1066 Strymonem
900 995 1078 1066 reportatam
1102 995 1161 1047 tres
1178 987 1299 1045 hermas
1319 985 1429 1063 positos

146 1119 212 1158 esse
235 1099 331 1175 idque,
357 1119 538 1175 quamquam
561 1099 590 1158 in
616 1098 651 1157 iis
676 1118 735 1156 riou
759 1098 853 1174 ipsius
878 1097 961 1156 ducis
979 1095 1110 1155 Cimonis
1127 1114 1234 1153 nomen
1252 1094 1430 1172 inscriptum

147 1213 233 1278 esset,
260 1207 311 1264 sed
336 1206 428 1264 solius
453 1206 564 1283 populi,
590 1204 688 1280 magni
713 1205 833 1264 honoris
859 1203 974 1264 Cimoni
1005 1201 1205 1262 testimonium
1233 1209 1262 1260 et
1286 1202 1383 1261 fuisse
1406 1209 1432 1260 et

146 1333 221 1372 esse.
263 1312 359 1384 Quam
383 1333 446 1371 rem
470 1333 538 1371 cum
562 1313 638 1375 Plut.
657 1313 675 1372 l.
694 1331 733 1374 m,
751 1313 853 1370 eadem
877 1313 936 1370 sere
959 1311 1099 1370 brevitate
1122 1316 1229 1381 narret,
1255 1310 1353 1368 Ruehl
1381 1329 1431 1367 suo

146 1426 208 1485 iore
224 1440 259 1478 cx
276 1419 423 1478 Aeschine
439 1419 594 1496 repetitam
611 1439 676 1478 esse
693 1419 814 1477 monuit.
847 1419 937 1496 Atqui
950 1417 1126 1476 Plutarchus
1144 1424 1171 1475 ct
1187 1423 1255 1475 ante
1272 1424 1301 1475 et
1319 1425 1388 1493 post
1401 1436 1432 1475 ca

146 1528 249 1586 eodem
273 1526 398 1585 Ruelrlio
424 1527 566 1603 probante
590 1526 800 1602 Theopompea
824 1526 920 1587 refert.
965 1525 1068 1583 Nonne
1092 1524 1158 1583 inde
1187 1523 1320 1600 suspicio
1346 1523 1432 1582 ctiam

146 1633 240 1708 magis
263 1635 455 1692 confirmatur
479 1633 705 1710 Theopompum
730 1633 849 1710 saepius
871 1653 906 1692 ex
923 1631 1070 1692 Aeschine
1085 1631 1241 1690 hausisse?
1277 1630 1357 1702 Quin
1374 1631 1431 1689 iuro

147 1741 331 1816 exploratum
342 1747 387 1798 est
399 1760 475 1812 eum,
494 1760 562 1799 cum
573 1739 698 1814 effigiem
706 1739 859 1798 hominum
868 1739 1028 1799 illustrium
1038 1739 1222 1815 depingebat,
1244 1737 1431 1797 adversarios

148 1847 229 1923 sequi
254 1847 374 1905 solitum
399 1867 480 1919 essc;
506 1847 592 1918 velut,
618 1853 649 1904 ut
673 1847 821 1905 luculento
846 1847 982 1922 exemplo
1004 1851 1078 1918 utar,
1104 1845 1134 1903 in
1150 1843 1279 1920 Philippi
1297 1844 1430 1903 moribus

148 1952 331 2011 illustrandis
355 1953 585 2012 Demosthenem
609 1951 729 2010 minime
753 1953 862 2028 sprevit
887 1952 934 2023 (cs.
961 1954 994 2011 fr.
1022 1955 1083 2011 249
1109 1959 1137 2010 et
1157 1952 1239 2012 Dein.
1263 1951 1387 2027 Olyntlr.
1409 1951 1430 2008 ll

150 2060 188 2119 18
218 2060 313 2135 sqq.);
339 2059 485 2135 pertinent
505 2060 563 2117 huc
580 2059 668 2118 etiam
689 2057 804 2135 aliquae
827 2079 874 2118 res
896 2059 1054 2118 aDiodoro
1077 2057 1215 2130 traditac;
1239 2059 1431 2134 nequeenim

147 2165 299 2239 babemus,
325 2168 403 2242 quod
420 2167 448 2224 in
465 2187 499 2226 ea
515 2187 546 2225 re
562 2167 599 2224 ab
615 2160 793 2238 Haakio²l
810 2166 1007 2225 dissideamus
1025 2173 1169 2237 monente,
1194 2163 1333 2242 quicquid
1352 2166 1432 2242 apud

147 2273 307 2333 Diodorum
331 2274 560 2332 Demosthenem
591 2274 735 2346 redoleat,
765 2295 782 2332 a
806 2273 998 2350 Theopompo
1032 2276 1194 2349 protectum
1225 2292 1306 2344 esse,
1343 2291 1432 2349 quem

147 2379 316 2457 Philippum
348 2382 385 2439 ob
415 2399 530 2438 morum
555 2379 727 2456 pravitatem
752 2399 851 2439 severe
875 2381 1037 2455 castigasse
1062 2400 1097 2439 ex
1121 2380 1221 2456 Polyb.
1247 2379 1309 2437 Vlll
1337 2383 1376 2442 11
1405 2387 1432 2438 ct

147 2486 251 2562 fragm.
279 2489 341 2547 249
367 2487 470 2546 elucet.

254 2592 391 2670 Sequitur
414 2600 446 2652 ut
467 2593 647 2652 coniciamus
672 2592 907 2670 Theopompum,
933 2613 1000 2652 curn
1016 2594 1223 2654 Demosthenis
1236 2594 1432 2672 onmiumque

147 2702 376 2775 demagogorum
410 2700 547 2778 Philippo
582 2699 800 2759 adversantium
835 2720 931 2759 mores
964 2702 1157 2774 describeret,
1191 2701 1432 2760 adversariorum

148 2807 295 2866 orationes
316 2807 423 2867 adisse.
459 2807 513 2867 Cui
530 2808 692 2866 sententiae
713 2827 772 2866 non
796 2809 881 2866 modo
899 2828 957 2866 uon
974 2810 1119 2867 absonum
1136 2816 1189 2879 cst,
1215 2828 1316 2866 vorum
1340 2809 1431 2868 ctiam

148 2916 234 2986 favet,
260 2915 337 2990 quod
354 2914 581 2991 Theopompum
597 2913 762 2990 Philippica
780 2921 846 2990 post
870 2935 980 2974 armum
999 2919 1061 2975 324
1079 2915 1205 2975 edidisse
1221 2916 1338 2975 duobus
1356 2918 1432 2992 frag-

148 3021 255 3080 mentis
281 3021 329 3095 (fr.
349 3023 412 3080 334
437 3041 483 3097 ap.
509 3022 621 3080 Polluc.
639 3021 662 3079 V
680 3024 720 3082 42
732 3044 738 3093 ;
763 3022 798 3080 tr.
825 3023 885 3081 108
905 3043 950 3098 ap.
974 3023 1051 3085 Plut,
1069 3022 1219 3086 Demostb.
1238 3041 1263 3080 c.
1283 3023 1339 3095 26)
1365 3044 1433 3100 cog·

148 3128 316 3199 noscimus3
341 3127 440 3204 itaque
463 3128 524 3187 fieri
549 3128 652 3205 potuit,
678 3135 709 3186 ut
725 3127 832 3187 Aesch.
858 3148 899 3188 or.
925 3129 954 3187 in
977 3129 1054 3188 Ctes
1080 3129 1109 3189 iu
1134 3129 1271 3188 manibus
1294 3129 1431 3193 haberet.

149 3234 206 3295 Sed
230 3235 353 3293 eandem
377 3254 448 3307 rem,
482 3254 540 3311 quo
564 3235 670 3294 clarior
693 3236 752 3308 fiat,
778 3235 828 3294 ubi
852 3235 981 3312 primum
1005 3238 1087 3296 locus
1111 3237 1197 3295 datus
1222 3237 1290 3310 erit,
1323 3238 1432 3313 paucis

146 3342 310 3401 retractabo
335 3341 384 3413 (ad
408 3360 472 3418 cap.
500 3342 540 3413 4).

253 3448 394 3524 Reliquos
420 3456 555 3508 auctores
576 3449 718 3508 delibatos
743 3456 857 3509 tanturn
882 3471 948 3509 esse
972 3471 1025 3509 suo
1042 3453 1106 3511 loco
1123 3453 1243 3511 docebo.
1280 3450 1433 3522 Quoniam

147 3557 202 3616 lrcc
227 3561 313 3617 modo
336 3557 366 3615 in
391 3557 570 3630 universum,
597 3578 670 3633 quos
695 3559 883 3634 potissimum
901 3566 1035 3617 auctores
1052 3559 1210 3618 Plutarcho
1227 3557 1257 3616 in
1273 3558 1430 3618 Demostlr.

145 3664 204 3724 vita
228 3673 345 3741 praesto
370 3671 397 3723 et
421 3664 551 3723 mammo
576 3664 643 3723 usui
667 3666 758 3724 fuisse
780 3667 942 3742 putandum
959 3664 1005 3738 sit,
1031 3665 1187 3742 disputavi,
1214 3664 1336 3740 quidex
1355 3666 1432 3724 libro

147 3771 211 3848 ipso
236 3771 301 3831 elici
326 3771 428 3848 possit,
455 3770 664 3847 experiendum
689 3780 742 3832 est.

253 3879 285 3939 C.
313 3881 395 3938 1-3
422 3898 457 3936 ex
479 3878 630 3937 Plutarchi
655 3879 721 3938 stilo
747 3879 869 3938 tluxisse
892 3887 920 3938 et
943 3880 1031 3939 rebus
1055 3878 1183 3939 narratis
1208 3886 1237 3937 et
1260 3898 1338 3936 nexu
1365 3898 1431 3938 sen·

147 3985 304 4045 tentiarum
329 3994 357 4045 et
382 3985 526 4044 sententia
551 3987 700 4046 communi
725 3987 943 4064 comprobatur.

254 4095 285 4153 C.
311 4096 328 4153 3
353 4092 481 4170 explicat
505 4113 536 4151 sc
560 4113 596 4151 ex
621 4093 825 4153 actionibus
849 4101 970 4153 naturas
994 4112 1150 4170 moresque
1166 4092 1376 4151 Demosthenis
1403 4102 1432 4152 et

146 4200 296 4260 Ciceronis
327 4206 568 4276 comparaturum
596 4220 662 4259 esse
690 4200 917 4277 Caeciliique
942 4201 1124 4261 Calactini
1154 4201 1298 4260 rationem
1327 4200 1429 4274 abicit,

145 4308 194 4385 qm
225 4316 333 4367 temere
357 4306 502 4386 abruptam
526 4311 575 4364 τοῦ
597 4297 811 4386 Δημοσθένους
834 4304 885 4363 καὶ
909 4299 1078 4386 Κικέρωνος
1102 4306 1230 4368 scribere
1254 4326 1347 4365 ausus
1380 4308 1429 4367 sit.

149 4410 329 4417 ——.-.-.-
336 4411 361 4415 —

254 4443 274 4511 1)
292 4445 400 4498 Ruchl
418 4442 469 4498 ‘ute
488 4445 599 4511 Quellen
617 4444 762 4497 Plutarchs
781 4446 818 4498 im
837 4443 867 4497 L.
887 4445 933 4497 des
954 4445 1058 4498 Cimon*
1078 4446 1179 4512 Marbg.
1200 4444 1276 4507 1867,
1296 4460 1322 4514 p.
1338 4443 1373 4497 23
1387 4463 1430 4519 sq.

253 4531 275 4599 2)
295 4534 406 4591 Haalre
430 4531 471 4588 ‘de
490 4535 590 4591 Duride
610 4534 700 4592 Suillio
719 4534 832 4593 Diodori
851 4535 968 4593 auctore*
989 4536 1100 4594 Bormae
1122 4533 1197 4599 1874,
1218 4551 1243 4608 p.
1256 4533 1299 4590 48,
