3164 5182
694 328 908 394 ..30..

158 515 241 586 parte
257 509 463 587 excerpsisset,
488 511 566 586 quod
583 510 701 587 quidem
718 510 817 588 paullo
833 510 909 570 infra
925 508 1034 570 clarius
1050 510 1327 584 demonstrabitur,
1353 511 1435 589 quidni

157 614 252 692 ipsius
269 616 445 685 senteutiam
464 616 662 694 interponeret
680 608 760 695 (ἀλλ
775 607 829 673 οὐκ
844 609 936 673 ἐὀτκεν
953 659 959 673 .
976 612 1007 697 .),
1032 617 1132 676 sireis
1150 637 1245 694 quem
1264 627 1391 679 secutus
1404 628 1436 679 est

151 723 188 790 ‚in
211 724 335 783 eandem
352 723 412 783 sive
427 724 457 783 in
474 723 652 783 contrariam
668 732 782 802 partem
798 729 946 784 cesserat?
981 724 1118 783 Ceterum
1135 724 1229 785 etiam
1248 746 1288 786 ex
1307 727 1358 800 iis,
1378 747 1436 804 quae

156 838 282 891 aetatem
305 832 443 904 tulerunt,
466 831 643 891 Caecilianis
665 852 725 891 non
748 833 854 904 elucet,
879 850 968 908 quam
984 831 1032 890 hic
1049 831 1232 891 sententiam
1251 833 1436 912 adoptaverit.

262 938 359 998 Etiam
394 939 571 999 luculentius
603 941 814 999 documentum
849 940 925 998 Plut.
958 958 982 998 c.
1015 943 1051 999 15
1079 938 1248 999 Caecilium
1274 942 1436 1001 excussisse

155 1046 280 1106 officitur
304 1046 412 1105 collato
436 1046 500 1104 loco
525 1048 653 1122 quodam
677 1067 745 1106 cum
769 1047 820 1119 eiS,
846 1065 922 1123 quae
943 1046 1028 1109 Gell.
1050 1050 1098 1118 15,
1118 1049 1158 1106 28
1184 1049 1344 1110 servavit:
1371 1041 1436 1108 ‘tttut

90 1134 98 1220 ¹,
155 1154 228 1213 adeo
252 1154 288 1213 ab
312 1153 465 1230 utriusque
489 1154 614 1213 oratoris
638 1154 779 1213 studiosis
803 1154 1042 1213 animadversum
1058 1161 1085 1212 et
1107 1153 1261 1230 scriptum
1287 1163 1348 1228 est,
1374 1157 1435 1233 quod

151 1261 306 1321 Demosth.
323 1269 352 1320 et
368 1261 470 1320 Cicero
488 1261 550 1338 pari
567 1270 662 1321 aetate
684 1261 912 1321 inlustrissimas
937 1260 1084 1320 orationes
1108 1259 1138 1318 in
1163 1262 1272 1321 causis
1299 1263 1435 1336 dixerunt,

153 1370 226 1428 alter
241 1366 320 1425 κατὰ
328 1359 543 1445 ,Ἀνδροτίωνος
559 1377 587 1428 et
602 1367 680 1425 κατὰ
695 1360 899 1448 Τιμοκράτους
916 1375 1029 1444 septem
1045 1375 1073 1426 et
1089 1367 1191 1442 viginti
1219 1389 1326 1429 annos
1352 1377 1434 1440 natus,

153 1477 228 1536 alter
251 1496 329 1535 anno
353 1475 449 1535 minor
473 1496 527 1553 pro
543 1477 576 1538 P.
594 1476 731 1547 Quinctio
756 1474 940 1552 septimoque
964 1481 991 1533 et
1015 1474 1154 1534 vicesimo
1178 1494 1238 1552 pro
1265 1476 1300 1540 S.
1320 1467 1434 1536 Roscio'.

198 1639 200 1643 ,
251 1583 357 1660 litque
380 1603 448 1641 cum
471 1583 568 1643 Plut.
587 1602 612 1642 c.
633 1584 671 1643 15
690 1584 765 1642 med.
790 1583 863 1642 haec
886 1583 1008 1641 habeat:
1033 1587 1090 1638 τῶν
1113 1575 1145 1638 δὲ
1169 1575 1332 1662 δημοσίων
1358 1575 1374 1641 ὁ
1395 1599 1435 1662 μεν

152 1680 218 1746 κατ’
229 1680 437 1767 Ἀνδροτίωνος
446 1704 474 1746 κ.
485 1682 688 1769 Τιμοκράτους
699 1687 752 1746 καὶ
761 1680 1009 1767 Ἀριστοκράτους
1019 1681 1126 1766 ἑτέροις
1137 1679 1332 1770 ἐγράφησαν,
1346 1683 1434 1748 οὔτω

144 1791 395 1874 »τηκολιτεία
425 1791 784 1878 προσεληλυθότος·
814 1791 895 1853 δοκεῖ
920 1794 976 1874 γὰρ
999 1789 1077 1852 δυοῖν
1100 1787 1119 1875 ἢ
1143 1801 1231 1874 τριῶν
1261 1791 1434 1876 δέονταέτγ

152 1902 308 1981 τριάκοντα
330 1903 455 1980 γεγονὼς
477 1895 632 1979 ἐξενεγκεῖν
653 1901 721 1971 τοὺς
744 1899 850 1979 λόγους
865 1895 993 1968 ἐκείνους
1008 1911 1036 1962 et
1053 1923 1100 1980 ap.
1116 1904 1242 1980 Dionys.
1262 1905 1368 1969 Halic.
1386 1906 1433 1982 (ep.

153 2012 190 2070 ad
206 2010 303 2071 Amm.
321 2012 333 2072 l
350 2014 369 2072 4
386 2033 414 2089 p.
435 2014 497 2072 744
513 2011 632 2083 Reiske)
649 2011 722 2071 haec
738 2013 887 2086 legamus:
912 2000 965 2066 καί
984 2001 1057 2068 ἐστιν
1079 2000 1168 2068 αδτου
1192 2017 1356 2089 πρῶτος
1379 2018 1434 2068 τῶν

153 2111 189 2176 ἐν
212 2108 449 2199 δικαστηρίῳ
472 2114 874 2175 κατασκευασθέντων
897 2110 1048 2192 ἀγώνων
1071 2108 1087 2174 ὁ
1110 2115 1189 2174 κατὰ
1214 2109 1433 2197 Ἀνδροτίωνος,

152 2219 183 2281 δν
206 2224 333 2306 γέγραφε
348 2217 486 2303 Διοδώρῳ
502 2231 541 2303 τῷ
558 2223 725 2302 κρίνοντι-τὸ
742 2223 878 2306 ψήφισμα
892 2223 1070 2304 παρανόμων
1092 2256 1124 2264 -
1144 2244 1248 2284 nonne
1265 2226 1433 2298 Caecilium,

152 2351 220 2391 cum
237 2333 296 2391 iam
308 2333 466 2408 Dionysius
483 2333 546 2392 eius
562 2333 725 2406 familiaris
742 2333 819 2391 hanc
835 2332 928 2391 fuisse
944 2331 1069 2408 primam
1083 2332 1302 2394 Demosthenis
1321 2353 1434 2395 causan

153 2439 303 2515 publicam
326 2440 452 2499 eruisset
491 2441 521 2500 in
545 2431 774 2517 ‘comparatione
798 2439 859 2502 Cic,
885 2459 952 2497 curn
976 2429 1138 2499 Dernosth.’
1162 2439 1256 2511 (Plut.
1283 2442 1432 2504 Demosth.

153 2565 178 2608 ο.
204 2545 235 2619 3)
259 2546 315 2604 hoc
339 2547 381 2605 sic
405 2547 599 2625 supplevisse,
624 2555 656 2606 ut
673 2548 745 2606 Gell.
770 2554 799 2606 et
818 2547 895 2609 Plut.
913 2567 948 2605 ex
973 2566 1006 2605 eo
1028 2545 1318 2622 transscripserunt,
1346 2547 1433 2608 verisi-

152 2651 385 2713 nrillimumest?
407 2653 1432 2732 Colligimusenimhocmodo:DionysiusGelliananondumpraebet,

145 2757 228 2825 ,Plut.
254 2765 304 2818 aut
330 2759 503 2836 Dionysium
527 2769 579 2820 aut
602 2760 763 2820 Caecilium
786 2763 822 2820 de
844 2769 969 2837 utroque
993 2760 1137 2836 scriptore
1160 2762 1332 2835 consuluit,
1363 2761 1432 2840 atqui

153 2863 298 2927 Caecilius
315 2867 429 2942 primus
445 2864 591 2945 συγκριστν
606 2872 655 2925 του
671 2860 747 2949 App.
764 2884 792 2925 κ.
809 2860 879 2924 Κικ.
897 2868 1065 2944 scripserat,
1090 2866 1273 2927 Plutarchus
1290 2889 1365 2930 eam
1380 2871 1433 2947 ipse

152 2981 337 3046 cognoverat,
354 2981 467 3032 certum
484 2975 572 3048 igitur
590 2982 635 3034 est
645 2974 807 3034 Caecilium
819 2995 837 3034 a
849 2974 1008 3034 Plutarcho
1021 2974 1051 3033 in
1063 2975 1119 3034 hac
1133 2993 1164 3032 re
1174 2973 1354 3037 adhibitum
1367 2997 1432 3038 esse.

249 3079 342 3141 :Libet
370 3081 521 3159 paulisper
544 3084 581 3141 ad
606 3103 648 3155 ea,
682 3102 757 3158 quae
780 3082 856 3141 Plut.
882 3102 907 3140 c.
935 3085 972 3141 12
998 3083 1034 3140 de
1058 3101 1099 3141 or.
1124 3066 1258 3141 Midiana
1283 3084 1432 3162 explicuit,

150 3186 311 3262 respicere;
336 3196 414 3247 certe
430 3189 509 3248 enim
524 3190 600 3249 Plut.
618 3189 714 3249 verbis
731 3205 780 3269 μοι
796 3183 878 3245 δοκεῖ
892 3188 1010 3261 indicat,
1035 3189 1135 3265 ipsum
1152 3187 1232 3248 sein
1249 3210 1286 3250 ea
1304 3193 1434 3252 oratione

150 3301 300 3353 versatum
316 3314 398 3367 esse;
424 3304 526 3355 contra
540 3297 605 3373 quis
623 3297 649 3355 ei
666 3296 783 3371 singula
799 3295 1073 3368 subministraverit,
1091 3303 1190 3355 utrum
1207 3297 1320 3375 stirpis
1338 3308 1433 3360 auctor

150 3420 188 3460 an
220 3401 382 3475 Caecilius,
414 3403 533 3462 difficile
559 3403 648 3466 dictu.
700 3403 731 3462 Si
763 3411 861 3462 autem
891 3402 1051 3460 Caecilium
1079 3402 1105 3461 ei
1133 3403 1171 3462 ob
1201 3406 1315 3466 oculos
1350 3408 1433 3467 fuisse

149 3515 293 3581 tenemus,
307 3528 367 3568 non
379 3509 439 3568 iam
452 3518 505 3583 est,
524 3530 576 3569 cur
588 3532 656 3570 eum
669 3511 757 3570 etiam
770 3512 806 3570 ad
817 3511 1054 3584 cognoscendam
1065 3510 1210 3570 Midianae
1224 3514 1433 3575 condicionem

150 3615 310 3674 Caecilium
334 3617 505 3676 adhibuisse
528 3638 679 3692 negemus,

257 3722 339 3800 Cap.
360 3728 399 3785 16
416 3725 491 3783 Plut.
511 3727 548 3783 ad
571 3746 614 3798 ea,
640 3745 715 3803 quae
732 3745 756 3784 c.
777 3729 815 3787 12
832 3724 944 3784 verbis:
969 3721 1045 3803 ταχυ
1069 3717 1156 3790 δόξαν
1179 3716 1271 3804 ἐσχεν
1296 3721 1433 3810 δημαγυν

148 3826 272 3904 γοόντιυν
296 3831 440 3906 attigerat,
457 3832 619 3906 revertitur,
646 3833 717 3910 quin
737 3840 891 3892 recurrunt
907 3833 1010 3912 eadem
1029 3833 1114 3892 verba
1131 3853 1155 3895 s,
1173 3832 1216 3891 in:
1245 3826 1291 3891 διὸ
1310 3851 1342 3894 κ.
1360 3834 1434 3915 παρὰ

148 3928 188 3993 Φ.
200 3932 333 4004 πλεῖστος
343 3931 378 4018 ἦν
389 3932 478 4013 λόγος
490 3929 585 3999 αὐτοῦ.
623 3940 681 3998 Cur
695 3960 784 4016 supra
797 3942 833 4000 ab
846 3949 1019 4016 argumento
1032 3939 1176 4000 aberravit
1189 3941 1310 4003 oratio?
1342 3945 1434 4005 Facile

147 4042 205 4103 hoc
228 4045 389 4120 intelleges,
414 4049 501 4106 modo
525 4055 643 4124 reputes
667 4067 744 4121 eum,
769 4056 802 4108 ut
825 4049 1021 4126 Theopompi,
1046 4048 1095 4124 qui
1111 4048 1312 4109 Demostheni
1339 4052 1433 4112 incon·

149 4152 289 4211 stantiam
313 4153 429 4213 crimini
452 4155 584 4226 dederat,
615 4154 744 4230 iniquius
775 4154 915 4214 iudicium
939 4156 1109 4231 infringeret
1133 4162 1221 4230 atque
1247 4158 1381 4219 omnino
1404 4160 1433 4218 de

147 4258 302 4318 virtutibus
327 4269 355 4320 et
379 4261 456 4321 vitiis
476 4262 685 4321 Demosthenis
710 4262 877 4322 accuratius
901 4264 1086 4340 comperiret,
1112 4262 1148 4322 ad
1172 4260 1250 4321 alios
1277 4265 1384 4327 fontes
1407 4286 1433 4326 se

147 4367 335 4428 convertisse.
383 4369 484 4447 ltaque
512 4370 651 4429 Panaetio
681 4370 785 4443 nixuS,
818 4372 895 4447 quod
926 4372 1086 4431 honestum
1115 4377 1236 4448 propter
1268 4393 1302 4432 se
1336 4375 1432 4454 ipsum

146 4473 208 4536 fieri
237 4475 391 4552 voluisset,
421 4479 563 4551 laudavit,
595 4479 776 4538 Demetrium
802 4488 935 4553 secutus,
962 4482 1038 4557 quod
1064 4498 1159 4556 neque
1181 4477 1212 4537 in
1237 4482 1340 4544 armis
1367 4484 1433 4546 satis
