3164 5182
146 502 246 580 itaque
269 500 308 575 is,
340 495 575 562 Demosthenem
593 501 629 560 de
653 501 753 560 eadem
779 521 810 559 re
834 501 863 561 in
888 522 929 561 or.
952 504 988 562 de
1011 523 1070 564 cor.
1096 501 1182 583 plura
1206 507 1300 568 verba
1326 507 1420 570 fecisse

147 611 268 671 minime
284 610 430 682 nesciens,
448 611 527 668 hunc
544 609 574 667 in
590 609 765 683 exponenda
782 627 872 667 causa
886 608 926 668 ita
939 618 1057 670 secutus
1071 620 1125 683 est,
1143 620 1175 671 ut
1187 613 1420 693 Theopompum,

146 719 193 777 cui
210 720 336 777 fortasse
352 716 424 776 nihil
441 717 498 776 nisi
515 704 686 803 verbauotp'
703 703 785 770 otta
802 758 808 770 .
825 758 831 770 .
855 711 982 794 θέμενος
999 726 1115 794 praeter
1132 719 1182 779 illa
1200 721 1304 796 prima
1322 724 1421 795 debuit,

146 827 307 904 suppleret.

252 933 391 992 Extrema
407 932 495 990 verba
512 929 599 1007 capit.
617 931 656 989 14
674 929 763 988 etiam
779 931 858 1007 apud
875 930 1087 992 Philochorum
1111 935 1266 995 exstitisse
1290 938 1423 997 docemur

146 1042 183 1101 ab
200 1039 435 1117 Harpocratione
451 1058 474 1100 s
489 1058 515 1100 v.
530 1029 649 1113 Θεωρίς·
666 1027 778 1101 Μάντις
794 1028 829 1116 ἦν
844 1028 864 1116 ἡ
882 1031 914 1094 Θ.
931 1053 959 1095 ιι.
976 1031 1114 1116 ἀσεβείας
1130 1039 1271 1120 κριθεῖσα
1287 1037 1422 1118 ἀπέθανε,

146 1140 186 1213 ὡς
209 1144 274 1204 καὶ
296 1137 468 1224 Φιλόχορος
491 1135 520 1200 ἐν
543 1135 615 1220 ἕκτῃ
638 1142 751 1224 γράφει.

252 1256 316 1313 Hoc
332 1255 398 1312 loco
415 1252 599 1328 aliquantum
616 1251 815 1310 subsistamus
832 1258 869 1324 et,
887 1254 985 1327 quoad
1001 1255 1064 1314 eius
1081 1255 1122 1314 rei
1139 1257 1237 1316 lacere
1256 1259 1422 1334 poterimus,

147 1378 334 1439 quaeramus
365 1379 438 1418 num
470 1357 730 1417 Philochorus
753 1358 913 1416 Plutarcho
942 1359 998 1418 hac
1029 1361 1059 1419 in
1089 1361 1148 1421 vita
1179 1363 1344 1424 scribenda
1367 1373 1423 1424 ante

146 1470 249 1528 oculos
280 1467 372 1526 luisse
401 1466 542 1527 videatur.
589 1464 686 1541 Atque
716 1465 781 1523 loco
812 1466 900 1524 modo
930 1467 1019 1526 allato
1047 1469 1120 1528 nihil
1150 1471 1340 1546 proficimus,
1365 1492 1424 1530 narn

147 1576 292 1654 particula
314 1570 379 1647 καὶ,
404 1592 441 1631 ne
464 1572 548 1631 illum
573 1573 672 1630 solum
695 1591 761 1630 eam
785 1592 847 1630 rem
870 1573 1028 1633 tradidisse
1051 1585 1200 1653 putemus
1226 1580 1423 1654 prohibemur.

254 1683 311 1742 Sed
329 1688 454 1740 exstant
476 1678 646 1738 Philochori
669 1678 792 1753 vestigia
815 1679 904 1738 etiam
927 1681 993 1739 aliis
1018 1684 1104 1743 locis:
1130 1704 1155 1748 c.
1183 1688 1234 1758 28,
1263 1689 1317 1760 30,
1346 1689 1395 1749 31.

253 1789 286 1852 C.
302 1791 341 1849 28
355 1789 481 1848 Reussio
495 1780 714 1864 (Hieronymus
726 1808 752 1847 v.
766 1780 894 1862 Kardia,'
909 1790 1007 1849 Berlin
1021 1790 1128 1863 1876),
1147 1795 1228 1868 quod
1240 1794 1279 1852 de
1292 1794 1424 1854 Demadis

146 1899 208 1972 lege
237 1904 495 1968 commemoratur,
521 1916 557 1955 ex
581 1896 634 1958 Ph.
659 1895 798 1954 haustum
823 1916 890 1954 esse
921 1897 1072 1972 probabile
1095 1906 1149 1960 est.
1198 1899 1230 1962 C.
1260 1904 1303 1960 30
1336 1903 1425 1960 fabula

146 2007 292 2081 quaedam
308 2006 344 2063 de
359 2003 567 2063 Demosthenis
584 2012 679 2061 morte
694 2002 862 2061 Philochori
879 2004 1052 2062 auctoritate
1068 2005 1177 2078 nititur,
1201 2009 1232 2068 ut
1249 2008 1337 2085 Pspl.
1353 2011 1425 2068 atta

146 2114 243 2171 docet:
268 2104 429 2168 ἀποθανεῖν
453 2104 484 2165 δὲ
500 2100 586 2166 αὐτὸν
602 2102 641 2166 Φ.
659 2109 710 2188 μέν
727 2125 797 2189 φησι
812 2109 969 2189 φάρμακον
985 2110 1122 2168 πιόντα.
1162 2113 1334 2189 Postremo,
1361 2135 1426 2192 quae

146 2218 222 2278 Plut.
241 2239 266 2282 c.
285 2221 324 2278 31
343 2220 378 2277 de
399 2217 539 2276 Demadis
563 2225 657 2276 morte
680 2217 777 2289 tradit,
803 2237 839 2275 ex
863 2217 1032 2276 Philochori
1056 2219 1130 2277 libro
1154 2210 1264 2286 Ἀτθὶς
1289 2223 1427 2298 inscripto

147 2328 278 2402 proiecta
302 2345 368 2384 esse
390 2325 536 2384 Reussius
561 2345 589 2400 p.
616 2326 656 2382 40
681 2323 759 2382 iusta
784 2343 874 2382 causa
898 2324 996 2382 addita
1021 2326 1232 2401 comprobavit.

254 2432 311 2491 Sed
339 2431 461 2490 minime
491 2429 633 2504 cogimur,
665 2436 697 2487 ut
720 2429 913 2488 Plutarchum
943 2451 1010 2489 eum
1040 2432 1227 2491 consuluisse
1257 2437 1427 2507 credamus;

146 2560 216 2598 narn
239 2558 265 2602 c.
292 2542 331 2598 28
358 2558 393 2598 ex
418 2538 509 2614 stirpe
539 2538 696 2613 repetitum
727 2557 793 2596 esse
822 2538 1023 2613 cognovimus
1054 2559 1080 2603 c.
1107 2543 1146 2599 30
1171 2541 1249 2603 Plut.
1277 2542 1348 2618 ipse
1377 2563 1429 2602 nou

92 2643 93 2647 ’
146 2647 366 2720 Philochorum,
385 2648 436 2704 sed
453 2647 613 2722 Pappum
630 2645 786 2721 quendam,
805 2645 888 2704 cuius
905 2646 1060 2705 historiam
1071 2647 1254 2724 Hermippus
1272 2650 1428 2726 repetierit,

147 2763 253 2814 testem
276 2754 418 2826 nominat,
444 2753 473 2812 ui
498 2754 584 2812 l'allor
607 2751 637 2809 in
661 2751 853 2810 describendo
871 2752 963 2810 levius
981 2772 1073 2827 agens
1089 2760 1118 2810 et
1134 2760 1293 2813 auctorum
1311 2757 1429 2815 nomina

142 2864 338 2925 conturbans.
364 2862 479 2938 Psplut.
495 2864 579 2920 stra
594 2859 673 2918 enim
690 2860 792 2917 eadem
809 2879 868 2918 non
886 2859 935 2917 uni
952 2859 1090 2935 scriptori
1106 2859 1215 2932 tribuit,
1234 2863 1290 2920 sed
1308 2864 1429 2922 alteram

146 2970 209 3029 eius
235 2977 349 3046 partem
372 2961 560 3045 ‘quibusdam
584 2956 795 3042 scriptoribus,
821 2967 944 3025 alteram
961 2967 1137 3025 Philochoro
1159 2987 1190 3025 se
1213 2969 1325 3029 debere
1351 2971 1429 3040 dicit;

147 3096 172 3139 c.
186 3077 224 3136 31
246 3096 282 3136 ex
302 3077 405 3135 eadem
424 3077 515 3152 stirpe
534 3075 632 3146 lluxit3
659 3075 710 3133 sed
733 3093 801 3132 curn
816 3074 1013 3150 Hermippum
1031 3082 1140 3132 mortes
1158 3074 1324 3134 illustrium
1343 3077 1429 3136 homi·
1458 3062 1460 3069 ¹

147 3204 218 3243 num
235 3203 352 3242 summo
370 3184 467 3243 studio
491 3182 662 3259 depinxisse
686 3188 809 3253 constet,
836 3201 887 3256 per
910 3181 988 3239 hunc
1005 3181 1174 3239 Philochori
1197 3182 1383 3243 relationem
1404 3184 1429 3243 iu
1458 3178 1460 3183 ’

146 3291 271 3368 stirpem
295 3292 439 3367 perlatam
467 3311 533 3350 esse
557 3288 714 3348 verisimile
741 3296 795 3351 est.
844 3288 982 3347 Ceterum
1004 3288 1173 3348 Philochori
1196 3291 1334 3350 narratio
1361 3291 1429 3351 desi·

147 3400 264 3457 deratur
288 3399 387 3471 etiam,
412 3398 580 3474 ubicunque
597 3396 723 3472 scriptor
740 3415 805 3454 vere
821 3395 980 3455 historicus
1006 3397 1136 3455 maximo
1162 3397 1229 3455 usui
1254 3398 1328 3470 tuit3
1355 3401 1429 3459 lucu·

147 3506 240 3565 lenter
263 3506 319 3564 hoc
343 3506 449 3565 docent
472 3508 507 3568 l’r.
527 3508 588 3565 132
606 3512 634 3563 et
652 3507 724 3575 135,
750 3522 826 3579 quae
850 3504 886 3561 ab
911 3503 953 3561 eis
977 3523 1052 3578 (prae
1075 3504 1305 3566 Plut.c.17et
1335 3510 1376 3566 18
1399 3507 1430 3564 de

87 3684 89 3689 .
147 3613 294 3689 Olynthiis
319 3620 347 3671 et
370 3633 469 3689 pugna
494 3612 695 3671 Chaeronensi
725 3611 822 3683 tradit,
852 3611 1024 3682 abhorrent,
1055 3619 1207 3687 praeterea
1230 3611 1430 3674 Philochorus

146 3720 391 3794 diligentissimus
417 3721 445 3778 in
469 3729 636 3796 temporum
665 3720 885 3796 computatione
916 3729 991 3792 crat3
1025 3741 1095 3778 nam
1125 3720 1278 3778 archontis
1311 3724 1430 3782 nomine

148 3827 322 3903 praemissa
332 3827 471 3904 quicquid
480 3847 596 3904 quoque
604 3847 682 3886 anilo
692 3835 834 3899 evenerat,
847 3829 1052 3899 enuinerabat;
1062 3827 1247 3889 contraPlut.
1258 3835 1430 3906 temporum

147 3935 259 3993 ordinis
284 3943 454 3994 accuratam
477 3935 622 3994 rationem
646 3955 793 4011 nusquam
809 3935 907 4007 habet,
933 3937 1040 3994 nedum
1061 3936 1237 3994 archontum
1254 3937 1371 3997 seriem
1388 3940 1430 3997 ob

148 4051 244 4100 servet
268 4043 312 4100 vel
337 4063 517 4119 quemquam
541 4062 644 4101 eorum
667 4043 808 4105 nominet.
836 4074 874 4082 -

255 4149 339 4226 Cap.
369 4154 405 4210 15
432 4150 566 4209 doctrina
590 4152 734 4226 splendet.
772 4151 833 4208 laur
858 4170 957 4226 supra,
983 4169 1050 4208 cum
1074 4149 1225 4225 Roesigeri
1250 4155 1431 4215 sententiam

149 4255 184 4313 de
208 4255 263 4314 hac
287 4276 319 4314 re
343 4276 390 4332 pg.
418 4261 456 4317 38
484 4260 630 4334 prolatam
653 4258 811 4332 intringere
835 4259 993 4330 studerem,
1028 4259 1138 4334 pauciS,
1171 4258 1238 4335 quid
1270 4262 1349 4322 mihi
1376 4284 1432 4341 per

148 4363 303 4437 suaserim,
318 4364 441 4423 ostendi.
460 4364 545 4424 Nunc
556 4366 659 4424 eadem
670 4384 716 4423 res
725 4365 1052 4425 accuratiustractanda
1061 4374 1114 4426 est.
1132 4366 1432 4442 AtquePlutarchum

147 4469 245 4550 ipsum
270 4469 342 4529 haec
366 4490 556 4531 coacervasse
580 4481 608 4531 et
632 4472 837 4549 composuisse
863 4475 927 4551 quis
952 4484 997 4533 est
1022 4477 1071 4552 qui
1095 4477 1214 4535 credat?
1254 4477 1349 4540 Certe
1373 4481 1432 4540 eius
