3164 5182
598 368 809 437 „53-

169 555 268 634 ltaque
295 562 326 616 ut
350 555 444 615 fontes
468 555 548 615 brevi
572 554 829 632 comprehendam,

168 680 187 739 l.
206 699 241 738 ex
260 680 383 756 stirpe
399 682 525 756 quadam
540 703 556 741 0
570 681 683 757 Satyro,
702 689 732 741 ut
748 681 869 752 videtur,
888 678 1053 756 composita
1069 699 1209 754 magnam
1225 688 1339 757 partem

54 787 179 862 collegit
202 806 313 861 eorum,
340 808 415 864 quae
438 789 474 846 de
497 788 679 861 educatione,
704 787 875 860 eruditione,
900 787 926 845 vi
951 787 1087 859 oratoria,
1112 786 1206 863 plebis
1224 786 1338 858 studiis

54 895 193 954 moribus
211 895 337 955 exhibet.
375 895 432 954 Sed
449 915 516 955 00111
534 896 634 972 stirpis
651 902 753 955 auctor
769 915 816 953 res
833 903 931 968 gestas
949 895 1041 953 obiter
1059 901 1172 954 tantum
1195 896 1341 970 attigisset

53 1021 165 1078 neque,
179 1002 234 1061 nisi
248 1004 285 1062 ad
296 1023 394 1063 mores
406 1003 579 1080 aperiendos
591 1004 753 1075 valuerunt,
765 1002 932 1077 diligentius
946 1002 1033 1078 idque
1045 1002 1211 1061 fabularum
1225 1001 1341 1079 potissi·

54 1130 144 1170 mum
161 1116 332 1170 coacervata
348 1111 430 1187 copia
449 1132 499 1170 eas
516 1109 704 1186 respexisset,
722 1110 799 1168 velut
815 1109 851 1167 de
867 1128 958 1167 causa
970 1107 1130 1184 Harpaliea
1146 1116 1173 1167 et
1189 1109 1224 1167 iis
1241 1110 1338 1181 rebus,

56 1237 138 1294 quae
154 1225 279 1278 mortem
295 1219 470 1291 anteierunt,
493 1250 527 1259 -
548 1217 733 1287 Plutarchus
752 1215 886 1292 quamvis
903 1221 931 1273 et
946 1214 1010 1291 ipse
1027 1215 1121 1289 magis
1145 1235 1180 1274 ex
1204 1215 1289 1275 dictis
1313 1222 1342 1274 et

56 1325 134 1385 iocis
158 1332 186 1384 et
210 1327 438 1387 narratiunculis
463 1345 552 1401 quam
577 1311 621 1384 ex¹
636 1324 724 1383 rebus
753 1322 833 1381 domi
863 1322 1043 1398 militiaeque
1071 1323 1161 1397 gestis
1191 1342 1288 1382 mores
1312 1331 1342 1382 et

55 1432 183 1493 virtutes
206 1452 384 1509 cognoscere
408 1433 515 1492 soleret
531 1431 580 1503 (cf.
597 1429 645 1490 vit.
663 1429 746 1489 Alex.
765 1449 790 1491 c.
811 1430 850 1502 1),
875 1437 984 1502 tamen,
1009 1448 1077 1488 cum
1094 1449 1111 1488 a
1128 1449 1159 1488 se
1182 1429 1341 1506 impetrare

56 1560 123 1599 non
140 1548 248 1617 posset,
272 1548 304 1600 ut
327 1560 451 1600 munera
475 1538 593 1616 publica
619 1557 741 1613 prorsus
765 1538 939 1612 neglegeret,
965 1544 1052 1612 atque
1076 1538 1112 1596 ab
1137 1536 1199 1596 eius
1224 1537 1340 1612 ingenio

57 1647 233 1707 abhorreret
257 1667 310 1707 suo
326 1648 421 1725 ipsius
438 1646 544 1705 iudicio
562 1646 762 1723 supersedere,
788 1644 861 1705 alios
879 1651 993 1724 praeter
1008 1643 1090 1705 illam
1107 1644 1230 1723 stirpem
1245 1647 1340 1705 tontes
1365 1666 1368 1671 ’

56 1755 143 1815 adire
166 1763 286 1815 coaetus
310 1763 363 1818 est.
412 1755 511 1830 ltaque

169 1891 200 1950 11.
225 1889 496 1949 Demosthenis
521 1889 668 1948 orationes

223 2017 249 2056 o.
276 2005 379 2056 contra
402 1996 561 2074 Aphobum
585 1997 712 2072 primam
737 1996 774 2067 (0.
802 1998 821 2055 4
845 2003 873 2055 et
897 1995 929 2068 6)

223 2105 251 2163 b.
277 2112 380 2164 contra
403 2103 524 2163 Midiam
548 2103 585 2175 (c.
615 2106 641 2163 1.
667 2107 696 2175 6,
725 2106 774 2176 12,
802 2102 854 2173 14)

224 2231 248 2271 0.
276 2213 312 2270 de
335 2231 446 2271 corona
470 2211 507 2280 (c.
534 2214 562 2283 9,
591 2213 640 2283 12,
668 2213 717 2284 14,
745 2209 824 2285 [15],
853 2212 902 2283 17,
931 2211 979 2284 18,
1008 2215 1056 2284 19,
1084 2214 1133 2284 21,
1160 2215 1211 2286 22,
1237 2214 1291 2285 24)

171 2337 215 2397 [ll.
240 2336 442 2395 Aeschinis
467 2337 614 2396 orationes

224 2465 250 2506 a.
277 2452 379 2503 eontra
403 2443 626 2519 Ctesiphontem
652 2444 688 2513 (c.
715 2447 745 2517 4,
772 2448 801 2517 6,
830 2446 878 2518 12,
907 2445 955 2516 14,
982 2443 1063 2517 [15],
1092 2424 1140 2516 18,
1167 2444 1309 2517 20-23)

224 2552 251 2610 b.
277 2552 313 2610 de
336 2552 412 2610 falsa
435 2551 580 2626 legatione
605 2551 641 2622 (0.
666 2553 685 2610 4
710 2558 738 2610 et
765 2550 816 2623 16)

60 2657 217 2733 diligenter
241 2665 443 2734 perscrutatus
468 2665 522 2721 est.

171 2784 228 2844 Sed
252 2804 320 2844 cum
345 2804 433 2861 saepe
457 2784 612 2856 dubitaret,
638 2786 696 2844 utri
720 2805 822 2845 eorum
846 2786 941 2860 magis
966 2786 1105 2857 crederet,
1131 2784 1218 2843 etde
1242 2802 1341 2859 pugna

61 2892 267 2951 Chaeronensi
283 2892 408 2968 aliisque
424 2893 512 2951 rebus
529 2893 566 2951 ad
582 2900 675 2952 totam
690 2893 904 2972 rempublicam
918 2893 1131 2971 pertinentibus
1144 2911 1249 2970 parum
1266 2910 1342 2950 com·

63 3007 181 3077 pertum
205 3000 334 3072 haberet,

171 3134 217 3197 lV.
232 3135 533 3213 Theopompum,
552 3135 598 3194 001
609 3144 637 3194 01
648 3136 713 3195 aliis
726 3136 756 3195 in
769 3095 835 3195 vitis
848 3134 1061 3212 componendis
1076 3135 1221 3211 permulta
1233 3133 1342 3204 debuit,

64 3244 169 3301 crebro
194 3243 315 3320 insuper
339 3243 462 3302 contulit
487 3244 524 3316 (c.
551 3246 580 3315 4,
608 3245 657 3316 13,
685 3245 734 3316 14,
763 3245 834 3316 162,
863 3245 1000 3314 18-21,
1028 3242 1091 3314 25).
1178 3294 1180 3300 .

172 3377 205 3436 V.
229 3378 349 3436 Praeter
372 3377 427 3436 hos
452 3378 705 3454 posteriorem
722 3378 909 3453 quendam
933 3395 1048 3435 rerum
1065 3375 1343 3434 abAlexandro

63 3492 266 3559 gestarum
283 3485 513 3562 scriptorem
531 3492 649 3543 secutus
666 3493 712 3543 est
725 3478 763 3561 (0.
778 3483 937 3555 23-27);
954 3503 1024 3542 nam
1038 3483 1253 3559 Theopompus
1266 3482 1344 3542 ultra

64 3611 178 3652 annum
204 3596 265 3652 336
290 3611 348 3650 non
373 3593 572 3651 descenderat.

171 3727 216 3786 Vl.
242 3726 403 3786 Caecilii
429 3726 620 3786 Calactini
647 3722 792 3802 σὺγκρισιν
816 3728 865 3781 τοῦ
888 3716 1099 3805 Δημοσθένους
1122 3739 1150 3781 κ.
1176 3716 1344 3802 Κικέρωνος

65 3834 104 3904 (0.
132 3832 163 3905 3)
188 3834 337 3893 000001οἰ1
361 3834 397 3906 (o.
426 3837 476 3906 15,
502 3853 527 3896 0.
554 3834 639 3905 242).

171 3965 229 4027 Vll.
255 3967 325 4030 Vlll.
352 3967 398 4027 lX.
424 3966 459 4026 X.
485 3987 521 4027 ex
545 3967 722 4026 Panaetio
747 3988 770 4025 0.
797 3969 846 4039 13,
871 3966 1018 4026 Doride
1042 3988 1065 4025 0.
1088 3969 1136 4036 19,
1164 3966 1343 4025 Demetrio

63 4074 231 4148 Magnete
252 4094 277 4134 0.
297 4077 346 4146 27,
371 4077 441 4147 301,
466 4074 676 4150 Phylarcho
700 4093 725 4133 0.
750 4076 789 4134 27
815 4073 947 4148 singulas
971 4093 1028 4146 res,
1054 4093 1128 4149 quas
1151 4071 1178 4131 ei
1203 4073 1246 4133 vel
1270 4072 1343 4132 ratio

62 4181 108 4239 vel
133 4180 193 4240 fors
218 4182 373 4254 obiecerat,
397 4181 471 4240 libro
496 4181 630 4244 intexuit.

171 4314 218 4373 Xl.
230 4315 386 4373 Postremo
398 4313 488 4373 etiam
500 4315 513 4372 f
516 4333 616 4373 arnae
630 4332 742 4372 01000111
755 4313 855 4388 gessit,
873 4312 951 4388 quod
963 4312 1004 4371 ita
1017 4331 1082 4371 sese
1094 4313 1211 4385 habere,
1229 4312 1345 4372 etiamsi

65 4440 125 4479 non
150 4419 213 4496 ipse
237 4440 261 4480 0.
288 4422 327 4480 31
354 4428 426 4480 extr.
453 4440 523 4479 voce
547 4413 742 4499 διηκοὺσαμεν
766 4427 907 4488 moneret,
931 4440 967 4478 ex
991 4419 1087 4477 verbis
1111 4439 1136 4481 0.
1165 4421 1218 4478 19:
1243 4415 1291 4474 τὸν
1314 4411 1346 4473 δὲ

64 4519 259 4612 Θερμώδοντά
274 4543 386 4614 φασιν
404 4518 487 4611 παρ’
505 4517 594 4612 ἡμῖν
610 4528 640 4583 ἐν
651 4517 818 4612 Χαιρωνείᾳ
830 4558 864 4568 -
877 4527 950 4590 satis
962 4527 1036 4586 bene
1047 4526 1291 4610 perspiceremus,
1306 4556 1340 4566 -
