3164 5182
689 320 901 393 ...32-

151 508 254 588 Neque
277 510 356 571 enim
379 511 468 572 verba
491 526 540 591 μοι
563 505 646 568 δοκεῖ
668 519 697 572 et
719 501 774 570 οὐκ
797 503 833 569 ἄν
856 525 905 591 μοι
928 503 1047 566 δοκοῦσι
1071 507 1143 570 adeo
1170 511 1352 588 spernenda
1367 518 1431 585 sunt

151 626 182 678 ut
198 638 234 677 ex
250 619 330 677 fonte
340 619 484 679 translata
497 639 563 678 esse
577 626 724 696 putemus,
742 618 809 677 licet
822 616 974 689 nonnulla,
988 635 1064 692 quae
1076 617 1307 692 quodammodo
1319 616 1432 679 ornandi

151 745 243 786 causa
259 725 358 784 addita
375 733 453 799 sunt,
471 745 507 785 ex
525 726 617 802 stirpe
632 725 781 797 hauserit3
800 723 911 783 scimus
928 722 1007 782 enirn
1025 721 1162 799 Satyrum
1178 724 1261 784 hanc
1275 726 1433 786 orationem

151 832 338 909 compilasse.
379 832 516 892 Ceterum
540 831 710 909 obloquitur
733 830 910 891 Plutarchus
934 828 1049 889 verbis:
1075 819 1104 886 αί
1127 824 1160 886 δὲ
1183 826 1353 913 τρισχίλιαι
1372 823 1434 890 καθ’

150 931 258 1005 ἑαυτὰς
283 971 321 980 -
346 935 549 1017 περιγενέσθαι
572 939 721 1012 Aeschini,
747 938 797 1015 qui
823 940 850 1010 3,
877 940 918 998 52
943 935 1028 997 dicit:
1060 927 1080 1016 ἢ
1110 940 1203 994 ταῦτα
1228 930 1292 1020 ἤδη
1319 936 1359 997 τὰ
1382 935 1434 1018 περ.

150 1037 271 1103 Μειδίαν
298 1077 332 1087 -
360 1062 388 1103 a.
411 1035 452 1111 ὡς
475 1038 600 1102 ἀπέδοτο
630 1043 785 1124 τριάκοντα
812 1049 890 1124 μνῶν
913 1035 977 1123 ἅμα
1000 1042 1051 1123 τήν
1074 1059 1104 1100 τε
1127 1034 1168 1111 εὶς
1192 1034 1286 1103 αὑτὸν
1311 1036 1394 1124 ὕβριν
1413 1062 1434 1104 ι.

149 1151 201 1234 τὴν
223 1155 273 1210 τοῦ
297 1146 392 1233 δήμου
415 1150 673 1232 καταχειροτονίαν
687 1167 715 1209 τι.
732 1168 755 1210 τ.
770 1147 798 1209 λ.
833 1151 973 1211 Fortasse
996 1152 1033 1211 ad
1056 1151 1135 1210 hunc
1151 1152 1256 1212 locum
1274 1160 1304 1212 et
1323 1152 1434 1213 Caecilii

151 1260 312 1320 alletoritas
337 1258 486 1335 pertinuit,
511 1259 547 1318 de
570 1279 629 1336 quo
653 1279 723 1319 mox
746 1258 777 1319 in
800 1278 825 1319 c.
853 1259 891 1320 15
917 1258 1086 1318 disseretur.

257 1384 391 1443 Tandem
415 1383 502 1456 Plut.,
528 1384 676 1461 quomodo
692 1384 727 1444 D.
749 1383 778 1443 in
802 1384 954 1462 republica
978 1404 1010 1442 se
1034 1383 1166 1460 gesserit,
1192 1386 1373 1446 accuratius
1396 1405 1433 1445 ex·

151 1511 259 1570 ponere
275 1490 386 1568 incipit.
422 1491 590 1566 Tamquam
606 1490 733 1550 indicem
750 1491 919 1567 praemittit,
933 1511 1001 1567 quo,
1015 1510 1208 1568 quaecunque
1220 1491 1336 1552 deinde
1349 1493 1433 1552 lusius

149 1605 328 1657 tractaturus
353 1604 406 1669 est,
431 1597 670 1673 comprehendit;
695 1597 782 1672 igitur
806 1588 955 1678 παρρησία
979 1617 1003 1657 e.
1025 1602 1064 1658 14
1080 1599 1166 1671 med,
1192 1597 1222 1657 in
1249 1608 1369 1676 quanta
1392 1600 1432 1660 ad·

150 1704 305 1764 miratione
317 1704 395 1780 apud
408 1704 537 1763 Graecos
554 1705 639 1763 luerit
655 1723 681 1764 c.
697 1707 746 1777 18,
764 1712 875 1781 quanto
892 1705 1004 1763 honore
1020 1725 1037 1764 a
1053 1724 1120 1780 rege.
1133 1704 1298 1765 Persarum
1316 1708 1432 1766 allectus

151 1811 189 1870 sit
213 1830 237 1870 c.
265 1813 315 1883 20,
341 1818 483 1887 quantam
506 1829 610 1869 curam
634 1809 659 1868 ei
684 1811 839 1888 Philippus
864 1810 1055 1889 impertiverit
1079 1831 1104 1871 o.
1134 1814 1171 1870 16
1197 1813 1382 1889 explicatur.

169 1946 172 1951 ·
256 1918 324 1976 Mox
342 1936 417 1994 cap.
439 1920 477 1980 13
496 1917 691 1994 Theopompo
708 1918 827 1978 obsistit
850 1920 938 1977 rebus
963 1918 1071 1994 partim
1094 1938 1131 1977 ex
1156 1919 1305 1978 memoria
1332 1919 1433 1997 partim

151 2044 186 2084 ex
212 2023 337 2083 aliorum
360 2023 503 2083 librorum
528 2023 654 2082 lectione
683 2024 810 2097 coactis,
843 2024 873 2084 in
903 2025 1010 2101 quibus
1041 2023 1130 2083 etiam
1154 2023 1257 2101 stirpis
1284 2035 1434 2088 auctorem

150 2131 412 2208 deprehendimus,
443 2130 493 2207 qui
516 2131 656 2190 Demadis
685 2131 866 2190 mentionem
896 2131 942 2190 vix
975 2150 1106 2207 unquam
1134 2131 1200 2189 loco
1224 2131 1298 2192 dato
1324 2134 1435 2206 omisit3

150 2237 255 2296 iterum
281 2255 436 2295 monemur
452 2255 522 2294 voce
538 2234 669 2316 φαίνεται
684 2236 740 2315 γὰρ
756 2239 952 2297 Plutarchum
970 2257 1023 2297 suo
1040 2237 1134 2314 ipsius
1152 2238 1262 2298 iudicio
1279 2242 1435 2301 confidere.
1472 2302 1474 2315 ,

256 2360 366 2420 Deinde
382 2356 581 2432 Panaetii¹)
598 2362 766 2421 auctoritati
782 2382 814 2421 se
830 2363 972 2438 adiungit,
989 2383 1085 2439 quem,
1110 2382 1267 2440 quousque
1285 2374 1436 2444 sequatur,

149 2468 267 2529 difficile
290 2467 388 2539 dictu,
413 2466 475 2525 fieri
500 2467 578 2525 enim
603 2476 709 2544 potest,
735 2477 884 2546 utusque
908 2471 944 2529 ad
968 2471 1071 2529 verba:
1096 2460 1158 2525 ἐπεὶ
1174 2512 1204 2526 ..
1229 2470 1269 2543 (c.
1295 2469 1353 2544 14)
1379 2473 1437 2532 eius

149 2575 365 2654 expositionem
381 2573 540 2650 receperit;
558 2594 627 2632 nam
643 2594 711 2633 cum
727 2574 776 2634 ille
793 2584 896 2635 contra
912 2577 1039 2636 Demetr.
1057 2576 1140 2636 Phal.
1158 2576 1270 2636 librum
1287 2582 1437 2655 quendam

149 2681 309 2759 scripserit,
335 2700 393 2740 non
420 2680 513 2756 potuit
537 2700 604 2739 eum
628 2700 686 2740 non
711 2691 847 2741 accurate
871 2683 1059 2760 perscrutari.

255 2807 313 2866 Sed
337 2805 394 2864 alio
412 2804 518 2863 indicio
536 2804 718 2878 adducimur,
743 2814 776 2865 ut
792 2809 947 2866 credamus
963 2806 1156 2865 Plutarchum
1172 2807 1251 2866 hunc
1270 2807 1335 2868 iam
1354 2819 1438 2871 antea

148 2913 303 2990 reliquisse
327 2920 355 2971 et
379 2913 506 2970 fortasse
530 2911 589 2971 iam
605 2933 623 2971 a
639 2913 735 2972 verbis
760 2904 800 2978 ὡς
823 2905 880 2988 εἴγε
897 2956 926 2970 ..
951 2917 1047 2993 παρῆν
1072 2912 1110 2986 (c.
1131 2915 1170 2973 13
1193 2915 1286 2986 extr.)
1312 2917 1437 2995 stirpem

151 3028 285 3079 secutum
302 3039 377 3078 esse.
415 3018 531 3078 Etenim
548 3019 573 3077 si
597 3019 716 3096 quidem
738 3021 827 3079 verba
850 3011 912 3076 ἐπεὶ
934 3017 1002 3085 τοὺς
1024 3036 1056 3094 γε
1080 3010 1153 3076 καθ’
1175 3011 1282 3077 ἑαυτὸν
1306 3013 1438 3103 ῥήτορας

146 3123 197 3183 καὶ
213 3131 252 3204 τῷ
265 3122 318 3204 βίῳ
330 3119 486 3207 παρῆλθεν
499 3145 558 3185 non
572 3125 656 3184 aliter
669 3126 889 3203 interpretanda
906 3135 974 3185 sunt
990 3135 1080 3203 atque
1095 3127 1152 3186 hoc
1169 3128 1274 3188 modo:
1293 3119 1436 3192 ‘ceter-un

136 3235 287 3310 ¹aequales
312 3240 445 3291 oratores
470 3232 546 3291 vitae
570 3252 687 3310 quoque
710 3233 796 3292 laude
821 3224 977 3310 superavit'
1001 3234 1050 3306 (cl.
1070 3255 1097 3312 p.
1119 3231 1214 3306 7-8)
1243 3267 1279 3275 -
1309 3248 1436 3316 apparet

148 3341 339 3400 Plutarchum
353 3339 485 3415 stirpem,
504 3359 579 3416 quae
592 3339 662 3415 quin
674 3340 805 3398 convicia
818 3341 948 3417 primum
961 3343 997 3400 ab
1010 3342 1165 3401 ldomeneo
1178 3341 1208 3400 in
1220 3343 1437 3406 Demosthenis

148 3448 237 3507 vitam
261 3448 346 3519 iacta,
372 3448 409 3505 ab
426 3446 589 3523 Hermippo
606 3446 712 3505 iterum
728 3455 880 3524 usurpata,
898 3447 964 3524 ipsa
985 3468 1101 3525 quoque
1125 3449 1282 3525 acceperit,
1310 3452 1436 3514 minime

147 3555 257 3627 dubito,
284 3553 312 3612 in
336 3554 392 3612 hac
416 3574 447 3612 re
469 3553 671 3630 dereliquisse,
696 3573 765 3612 cum
793 3574 828 3612 ex
853 3553 990 3612 interiore
1014 3574 1056 3618 or.
1081 3555 1227 3614 Midianae
1250 3559 1433 3634 cognitione,

148 3670 354 3738 praeterquam
371 3661 448 3737 quod
465 3660 543 3719 haud
559 3660 723 3735 ignorabat,
749 3660 818 3737 quid
835 3660 1007 3721 ldomeneus
1031 3662 1125 3736 vellet,
1151 3663 1207 3721 sibi
1228 3667 1435 3741 persuasisset

147 3768 219 3828 haec
245 3788 317 3846 pura
341 3774 508 3826 commenta
532 3786 606 3826 esse.
1190 3746 1193 3753 ⁴

252 3910 351 3971 Aliam
383 3927 517 3984 causam,
551 3927 602 3968 cur
631 3907 732 3986 stirpis
756 3917 859 3970 auctor
882 3913 918 3971 de
941 3901 1121 3969 ἀκολαατεία
1144 3911 1195 3972 illa
1217 3911 1433 3980 Demosthenis

146 4016 234 4077 verba
258 4017 363 4078 fecisse
386 4016 526 4090 videatur,
552 4024 652 4093 repeto
677 4037 711 4076 ex
737 4018 962 4092 cognominibus
985 4019 1044 4079 illis
1068 4019 1098 4078 in
1115 4019 1308 4096 ignominiam
1325 4024 1433 4086 Demo·

147 4124 260 4185 sthenis
284 4123 420 4198 inventis,
446 4142 520 4200 quae
536 4124 613 4183 Plut.
638 4143 663 4187 c.
682 4127 711 4197 4,
736 4124 806 4201 quid
830 4127 966 4203 quodque
989 4127 1098 4186 valeret
1121 4128 1232 4187 addens
1256 4133 1431 4195 reservarit.

146 4254 357 4263 ...e—...m-

253 4311 276 4382 1)
296 4315 363 4369 Cim.
378 4332 400 4367 c.
413 4315 429 4367 4
445 4312 567 4368 eiusdem
586 4312 654 4368 liber
672 4313 729 4386 περί
746 4311 906 4387 παρηγορίας
919 4323 1066 4386 usurpatus
1079 4325 1120 4372 est
1132 4319 1234 4386 (Ruehl
1247 4319 1265 4374 l.
1278 4336 1316 4377 m.
1330 4339 1358 4392 p.
1375 4280 1431 4392 hili

146 4401 191 4459 hic
210 4401 268 4458 sine
287 4404 369 4458 dubio
388 4404 455 4458 liber
475 4404 595 4458 Panaetii
615 4404 730 4474 περὶτοῦ
749 4404 908 4476 καθήκοντος
928 4407 952 4460 ei
971 4408 1006 4460 oh
1029 4409 1121 4462 oculos
1140 4410 1203 4477 luit,
1229 4427 1312 4480 quem
1333 4414 1431 4470 Cicera

146 4491 179 4549 de
198 4492 294 4550 osllciis
314 4491 434 4547 scribens
454 4497 562 4547 secutus
582 4499 630 4547 est.
