3164 5182
683 309 897 431 qm„

149 547 274 610 dicionis
299 549 415 622 faceret,
440 549 519 609 velut
535 551 551 621 ἓ
568 550 619 622 61,
645 556 743 608 tamen
760 554 850 621 cavet,
876 547 994 624 nequis
1011 546 1078 606 illos
1096 547 1237 606 scelestos
1256 547 1342 606 solos
1359 566 1425 605 rem·

149 656 299 735 publicam
323 659 359 717 ad
384 644 506 717 exitium
529 676 652 715 vocasse
677 657 784 715 credat.
825 656 886 714 lmo
903 664 969 713 ver‘o
988 655 1149 732 posteriore
1165 662 1249 732 parte
1273 653 1425 726 orationis,

148 764 198 824 ubi
222 764 333 823 crimen
357 764 450 823 cladis
474 784 491 823 a
514 764 662 840 Philippo,
687 763 716 822 in
742 783 828 839 quem
860 762 937 821 cives
966 761 1160 834 concitasset,
1190 769 1334 838 acceptae
1360 782 1378 821 a
1400 781 1427 822 se

149 891 285 932 amovere
309 873 416 945 studet,
441 871 520 930 illius
537 870 751 930 criminationis
768 890 890 947 prorsus
908 870 1016 928 oblitus
1033 889 1100 928 esse
1114 861 1227 928 videtur
1244 889 1281 928 ac
1298 869 1426 946 culpam,

149 999 238 1055 quam
255 986 341 1039 antea
356 978 386 1038 in
404 979 567 1056 proditores
585 979 758 1049 contulerat,
785 997 863 1036 nunc
879 985 973 1037 totam
993 977 1024 1036 in
1046 973 1164 1058 τὸχην
1186 973 1239 1033 καί
1264 970 1428 1055 δαίμονα

148 1089 296 1158 demovet3
321 1087 419 1164 itaque
443 1089 459 1158 ἓ
478 1089 539 1147 192
558 1087 600 1145 sic
625 1106 656 1145 se
680 1085 803 1144 crimine
827 1084 964 1144 absolvit:
989 1080 1022 1140 τὸ
1045 1081 1098 1162 μὲν
1121 1081 1177 1160 γὰρ
1200 1081 1305 1161 πέρας,
1332 1075 1375 1149 ὡς
1397 1074 1428 1139 ἂν

148 1185 164 1250 ὁ
187 1187 299 1273 δαίμων
322 1187 470 1273 βουληθῇ,
495 1192 609 1249 πάντων
632 1191 762 1268 γίγνεται,
788 1191 953 1262 similiter§
973 1193 1044 1250 194.
1080 1190 1137 1249 Sed
1154 1209 1222 1249 oum
1239 1190 1429 1265 cognovisset
1474 1228 1476 1243 .

150 1321 190 1373 se,
210 1301 235 1360 si
251 1301 387 1361 fortunae
402 1300 528 1360 nimium
545 1300 752 1373 concessisset,
777 1299 806 1358 in
823 1299 946 1359 maioris
960 1297 1133 1357 temeritatis
1150 1297 1262 1356 crimen
1280 1297 1429 1356 incurrere
1474 1344 1476 1349 .

149 1408 316 1485 periclitari,
334 1428 403 1467 cum
414 1409 484 1467 huic
497 1408 576 1468 fatali
590 1407 758 1467 necessitati
771 1407 915 1466 obsistere
928 1414 1051 1465 conatus
1064 1411 1151 1477 esset,
1169 1404 1309 1482 explicat,
1322 1424 1429 1482 quous·

148 1535 205 1592 que
222 1515 272 1575 illa
289 1515 386 1574 fatalis
403 1515 446 1574 vis
463 1516 499 1575 ad
516 1515 651 1574 homines
669 1517 776 1574 valeat:
802 1535 870 1574 narn
887 1514 970 1573 nihili
987 1533 1054 1573 esse
1069 1514 1218 1572 fortunam
1236 1532 1310 1588 prae
1327 1513 1430 1571 hones-

147 1630 207 1682 tate
231 1629 259 1681 et
283 1622 387 1684 officiis
412 1642 507 1699 neque
523 1622 652 1682 maiores
670 1622 817 1700 sprevisse
834 1641 893 1694 coe,
920 1620 968 1697 qui
986 1621 1104 1680 fortuna
1120 1620 1252 1695 quadam
1268 1619 1373 1678 divina
1388 1618 1429 1679 usi

147 1729 259 1790 fortiter
276 1736 440 1805 pugnantes
457 1737 582 1789 mortem
599 1730 816 1803 occubuissent,
834 1749 930 1806 neque
946 1729 1028 1806 ipsos
1046 1748 1086 1799 se,
1104 1746 1173 1786 cum
1189 1727 1326 1786 omniurn
1346 1728 1430 1787 Grae-

147 1855 249 1895 corum
266 1836 431 1895 libertatem
456 1837 556 1896 tuituri
580 1838 616 1897 ad
633 1836 836 1896 Chaeroneam
852 1836 983 1896 exissent
1000 1854 1135 1912 perverse
1151 1833 1261 1910 egisse3
1288 1855 1388 1912 neque
1404 1855 1431 1894 re

147 1963 215 2002 vera
238 1943 305 2001 illos
321 1942 518 2002 Athenienses
536 1945 608 2002 adeo
629 1943 688 2002 vim
712 1945 846 2003 fortunae
869 1942 1046 2019 respexisse,
1071 1950 1103 2001 ut
1126 1961 1176 2001 eos
1201 1941 1251 2018 qui
1277 1941 1307 2000 in
1334 1963 1431 2019 pugna

147 2049 325 2110 cecidissent
342 2069 398 2109 non
416 2051 542 2109 summis
559 2051 720 2110 honoribus
738 2051 904 2128 sepelirent,
930 2052 981 2109 sed
1006 2049 1138 2108 eiusdem
1153 2048 1250 2108 laudis
1269 2049 1431 2126 participes

147 2157 255 2217 fecisse
286 2165 315 2216 et
343 2156 392 2234 qui
423 2165 550 2216 mortem
579 2177 638 2217 non
667 2157 838 2232 effugissent
869 2165 897 2216 et
933 2157 1040 2233 quibus
1075 2156 1193 2214 fortuna
1230 2155 1430 2231 pepercisset:

146 2259 277 2332 δικαίως,
301 2258 317 2321 ὃ
341 2261 393 2342 μὲν
415 2261 471 2341 γὰρ
494 2255 529 2344 ἦν
553 2255 664 2341 ἀνδρῶν
683 2257 808 2339 ἀγαθῶν
823 2258 907 2343 ἔργον
923 2256 1015 2320 ἅπασι
1028 2261 1202 2340 πέπρακται,
1227 2266 1271 2340 τῇ
1287 2255 1432 2343 τδχγγδ

146 2364 188 2451 ἢν
212 2365 229 2428 ὃ
252 2365 398 2448 δαίμων
421 2363 529 2449 ἔνειμεν
553 2362 687 2435 ἑκάστοις
710 2368 800 2448 ταὺτγγ
824 2369 983 2450 κέχρηνται
1006 2373 1022 2442 ὃ
1049 2373 1120 2430 208.

253 2478 358 2537 Utram
381 2478 559 2537 Plutarchus
583 2478 799 2554 expositionem
823 2486 942 2537 secutus
967 2483 1032 2537 est?
1079 2477 1158 2536 Num
1181 2476 1346 2538 Aeschinis
1371 2499 1433 2556 pro·

147 2583 257 2643 ditione
280 2584 435 2644 Graeciam
456 2584 627 2660 aPhilippo
651 2584 795 2644 devictam
815 2604 882 2644 esse
904 2585 965 2643 ullo
989 2585 1054 2643 loco
1078 2584 1248 2649 contendit?
1288 2585 1433 2656 Quamvis

147 2691 340 2750 Demostheni
356 2694 451 2750 faveat
467 2710 594 2768 eumque
610 2691 709 2768 ipsum
726 2693 762 2750 ad
779 2711 826 2750 res
840 2699 978 2767 spectans
992 2691 1124 2750 studiose
1137 2691 1314 2764 excusserit,
1332 2700 1434 2752 tamen

148 2798 319 2874 exemplum
335 2797 469 2856 omnium
486 2797 626 2873 sequitur,
649 2799 707 2875 qui,
730 2799 798 2875 quid
812 2797 923 2874 impetu
938 2818 990 2856 seu
1002 2798 1091 2857 animi
1106 2799 1218 2857 fervore
1230 2799 1370 2859 irritatus
1384 2802 1434 2860 De

147 2905 318 2965 mosthenes
340 2912 456 2981 praeter
476 2925 576 2964 veram
595 2905 798 2966 condicionem
818 2905 1045 2981 exaggeraverit,
1074 2905 1117 2965 ira
1138 2913 1166 2964 et
1188 2905 1287 2965 studio
1308 2909 1434 2967 remotis

148 3011 319 3071 examinant
326 3036 332 3085 ;
358 3011 458 3088 itaque
480 3013 562 3072 nulla
584 3012 643 3071 iam
659 3033 691 3072 re
707 3013 842 3090 impediri
858 3033 913 3071 nos
932 3032 1049 3086 censen,
1075 3013 1145 3089 quin
1161 3013 1325 3073 Plutarcho
1350 3015 1434 3075 illaa

149 3120 349 3179 Demosthene
367 3121 416 3192 18,
436 3121 496 3180 271
517 3120 631 3196 prolata
647 3122 735 3180 verba
751 3119 873 3197 propius
890 3122 926 3179 ad
942 3120 1093 3179 veritatem
1115 3120 1253 3179 accedere
1277 3122 1345 3181 visa
1371 3143 1436 3182 esse

149 3234 324 3286 statuamus.
379 3226 494 3285 Etenim
528 3228 664 3286 absoluta
691 3227 848 3287 Aeschinis
883 3247 1013 3304 suaeque
1041 3228 1176 3287 fortunae
1206 3231 1435 3304 comparatione

149 3337 177 3407 (ἓ
196 3332 384 3404 256-269)
409 3333 451 3392 sic
476 3334 624 3393 concludit
645 3336 755 3405 ,321οι
781 3329 925 3413 βοίιλομοιι
949 3329 980 3390 δὲ
1001 3339 1058 3390 των
1078 3325 1158 3391 ίδίων
1181 3327 1375 3411 ἀπαλλαγείς
1399 3331 1436 3393 ἔτι

148 3440 240 3520 μικρὰ
262 3439 335 3519 πρὸς
354 3430 431 3519 ὑμᾶς
447 3432 533 3498 εἰπεῖν
548 3437 614 3518 περὶ
629 3446 684 3497 τῶν
700 3447 803 3498 κοινῶν
822 3473 871 3511 -,
888 3431 912 3497 εἰ
927 3436 959 3498 δὲ
974 3437 1026 3497 καί
1041 3446 1097 3497 των
1112 3433 1300 3520 μηδεπώποτ’
1313 3434 1435 3501 ἰδόντων

148 3566 185 3628 με
209 3543 285 3630 μηδὲ
309 3545 407 3629 μωνὴν
430 3540 604 3629 ἀκηκοότων
628 3539 700 3627 ἐμοῦ
715 3543 821 3605 πολλοὶ
836 3542 935 3605 πολλὰ
951 3564 978 3605 κ.
995 3543 1073 3605 δεινὰ
1088 3544 1260 3617 πεπόνθασι,
1286 3548 1329 3630 μὴ
1348 3551 1436 3630 μόνον

147 3647 213 3713 κατ’
236 3648 337 3733 ἄνδρα,
361 3647 441 3712 ἀλλὰ
464 3670 492 3711 κ.
516 3649 615 3721 πόλεις
638 3647 705 3712 ilco
727 3671 755 3712 κ.
779 3649 863 3736 ἔθνη,
886 3654 968 3732 πόσῳ
989 3650 1167 3732 δικαιότερον
1182 3670 1210 3714 κ.
1228 3647 1436 3738 ἀληθέστερον

148 3759 212 3842 τὴν
236 3752 474 3827 ἁπάντωνὼς
496 3755 621 3819 ἔοικεν
644 3755 856 3840 ἀνθρώπων
879 3760 997 3843 τίχην
1020 3760 1336 3844 κοινὴνκ.φοράν
1354 3782 1435 3823 τινα

150 3867 379 3948 πραγμάτων
402 3862 578 3949 χαλεπὴν
601 3867 653 3926 καί
676 3860 734 3950 οὐχ
758 3861 821 3928 οἵαν
844 3863 903 3926 ἐ’δει
923 3866 1031 3927 τοίντων
1055 3859 1148 3926 αίτίαν
1171 3861 1319 3950 ἡγεῖσθαι.

256 3975 373 4034 Similes
390 3995 477 4034 voces
494 3983 611 4036 exstant
627 3998 674 4054 ap.
692 3979 775 4038 Dem.
796 3980 845 4049 18,
866 3980 938 4050 212,
958 3980 1031 4049 245,
1051 3978 1125 4048 287,
1150 3979 1222 4049 303,
1248 3979 1324 4052 306,
1354 3984 1434 4051 308;

149 4104 196 4160 ap.
217 4083 324 4142 Aesch.
346 4086 374 4155 3,
398 4085 469 4155 115,
495 4085 750 4158 133,155,158.
787 4085 891 4144 Nonne
913 4085 979 4143 inde
1002 4091 1126 4160 apparet
1151 4083 1359 4159 Plutarchum,
1387 4087 1435 4164 qui

148 4191 213 4268 ipse
228 4192 264 4249 de
280 4190 398 4249 fortuna
415 4198 443 4249 et
458 4191 585 4249 oraculis
603 4192 768 4267 singulares
784 4192 876 4252 libros
894 4190 1104 4269 composuerit,
1128 4189 1228 4267 quanti
1245 4190 1320 4250 haec
1337 4193 1435 4270 ipsius

148 4297 357 4358 Demosthenis
381 4298 468 4356 verba
493 4299 677 4358 aestimanda
701 4307 808 4373 essent,
835 4306 972 4358 accurate
996 4297 1206 4374 perspexisse?
1221 4328 1260 4336 —

255 4403 405 4480 Pythiae
426 4405 667 4478 vaticinatio,
693 4426 768 4482 quae
780 4406 885 4465 deinde
898 4405 1045 4484 sequitur,
1075 4404 1145 4480 quin
1164 4425 1200 4463 cx
1220 4404 1434 4486 Theopompo,

151 4514 348 4588 oraculorum,
367 4511 392 4571 si
404 4511 462 4593 ipsi
475 4512 633 4577 Plutarcho
647 4515 824 4578 credendum
838 4521 882 4576 est
892 4514 941 4588 (de
952 4511 1036 4593 Pyth.
1049 4531 1127 4573 orac.
1144 4510 1184 4585 7),
1198 4510 1434 4605 studiosissimo,
