3164 5182
689 365 909 430 „12-

159 533 346 628 'laapaiuu
369 542 536 629 padqtdvl.
570 539 738 628 Δημήτριος
761 539 786 604 δ’
801 539 831 606 ἐν
853 549 912 614 τοῖς
935 542 1000 626 περὶ
1023 536 1184 626 ὁμωνὸμων
1208 552 1333 628 ποιητῶν
1351 539 1441 605 Χαλ-

157 650 241 714 κιδέα
264 652 350 737 φησὶν
373 646 460 713 αὐτὸν
483 647 561 712 εἶναι.
594 655 701 715 Suidas
723 677 789 716 sav.
806 647 913 721 Ἰσαῖος
936 656 1041 714 iisdem
1066 655 1161 714 verbis
1185 654 1296 714 iteratis
1322 663 1441 732 praeter

158 782 202 836 ea,
226 784 302 840 quae
319 762 403 822 uncis
419 763 535 833 inclusi,
560 761 616 821 hoc
633 762 663 821 in
679 769 810 822 extremo
827 762 920 823 addit:
946 752 1030 827 οὗτος
1045 753 1199 819 ἐπαινεῖται
1216 758 1266 818 καὶ
1282 751 1324 827 ὡς
1340 752 1440 841 ῥήτωρ

157 867 209 927 καὶ
232 861 272 936 ὡς
295 861 491 950 Δημοσθένην
515 861 621 947 ἀμισθὶ
643 868 827 947 προαγαγών.

264 1003 350 1062 Hunc
373 1004 482 1075 locum,
508 1002 642 1080 quisquis
666 1004 706 1063 ita
730 1011 934 1080 comparatum
958 1003 1060 1062 viderit
1084 1004 1232 1074 concedet,
1256 1023 1316 1062 non
1341 1010 1439 1061 totum

159 1131 195 1170 ex
229 1110 377 1170 Demetrio
401 1113 439 1171 M.
466 1113 606 1188 perdere,
643 1113 692 1171 sed
726 1120 805 1171 certo
833 1132 892 1170 non
920 1111 978 1171 uisi
1007 1114 1043 1170 de
1071 1110 1144 1169 lsaei
1172 1110 1269 1186 patria
1298 1110 1442 1169 Demetrii

157 1218 335 1295 opinionem,
353 1239 429 1295 quae
445 1238 513 1277 eum
529 1219 643 1294 vulgari
658 1239 718 1278 non
735 1227 887 1294 congruat,
913 1219 1017 1278 afferri.
1044 1218 1086 1277 Ae
1103 1238 1140 1276 ne
1155 1217 1236 1276 dieas
1253 1217 1439 1276 Demetrium

156 1325 310 1403 chnippi
326 1325 448 1400 vestigia
465 1333 645 1402 prementem
662 1327 735 1386 haec
747 1328 873 1387 sortasse
885 1325 1112 1403 Harpocrationi
1125 1324 1305 1401 praebuisse,
1324 1345 1438 1401 quaeso

157 1433 373 1494 animadvertas
390 1454 407 1492 a
423 1433 550 1493 Caecilio
571 1447 724 1506 canonem,
751 1434 799 1509 qui
816 1434 922 1492 dicitnr
937 1435 1039 1492 decem
1056 1441 1215 1505 oratorum,
1241 1432 1439 1491 constitutum

156 1558 231 1613 esse,
257 1548 288 1600 nt
304 1542 467 1618 putandum
485 1541 522 1600 sit
539 1541 714 1618 scriptorem
731 1542 886 1618 quendam,
913 1541 962 1616 qui
980 1548 1046 1617 post
1063 1539 1181 1599 Caecilii
1199 1547 1333 1615 tempora
1350 1540 1438 1597 ssoru·

156 1647 218 1720 erit,
236 1648 363 1708 tortasse
374 1648 452 1707 hunc
466 1648 573 1725 ipsum,
591 1651 628 1708 ab
644 1649 878 1725 Harpocratione
895 1648 935 1719 (et
951 1647 1053 1718 Suida)
1070 1654 1246 1723 usurpatum
1263 1666 1339 1705 esse.
1377 1647 1439 1705 Nee

156 1756 244 1814 verba
260 1776 277 1815 a
294 1755 385 1814 Snida
401 1755 514 1815 adiecta
531 1757 607 1815 unde
623 1756 760 1815 fluxerint
785 1756 952 1831 quisquam,
978 1754 1028 1831 qui
1053 1761 1189 1813 accurate
1213 1753 1438 1826 examinaverit,

155 1862 335 1921 confidenter
358 1861 454 1921 dicere
478 1870 583 1939 potest.
624 1862 666 1922 Ex
683 1863 831 1922 Demetrio
848 1862 972 1939 repetita
989 1882 1023 1920 ea
1044 1881 1109 1920 esse
1133 1861 1268 1920 conicere
1290 1868 1437 1933 vetamur,

156 1970 233 2045 quod
257 1989 293 2029 ex
318 1969 363 2043 iis,
389 1989 465 2046 qnae
488 1969 683 2046 Harpocratio
708 1969 805 2042 tradit,
832 1989 890 2028 non
914 1969 1056 2028 discimus
1081 1988 1115 2026 ea
1139 1988 1206 2026 cum
1231 1968 1328 2044 priore
1354 1976 1439 2044 parte

155 2074 312 2135 coniuncta
328 2096 403 2136 esse.
440 2077 541 2152 ltaque
557 2076 629 2136 satis
645 2077 808 2136 habeamus
830 2083 945 2152 oportet
968 2075 1109 2135 statuisse
1132 2075 1193 2134 iarn
1216 2077 1252 2133 ab
1269 2075 1439 2152 Hermippo

154 2181 220 2259 ipso
244 2183 316 2243 talia
340 2185 466 2243 tortasse
489 2191 608 2243 narrata
632 2204 706 2244 esse.
742 2184 861 2243 Certum
877 2183 1016 2242 Demetrii
1032 2183 1070 2242 M.
1088 2183 1265 2241 haberemus
1282 2182 1438 2256 indicium,

156 2290 181 2348 si
212 2290 312 2350 lsaeus
344 2312 361 2350 a
392 2291 551 2350 Plutarcho
589 2291 697 2350 diserte
727 2290 998 2350 Chalcidensis
1038 2290 1304 2365 cognominaretur.
1359 2291 1440 2349 Nam

150 2397 221 2456 'cum
247 2406 361 2474 praeter
384 2399 529 2476 Harpocr.
555 2407 583 2457 et
607 2397 687 2458 Suid.
714 2407 742 2458 et
765 2399 878 2474 Psplnt.
906 2401 996 2469 8390,
1023 2398 1106 2456 844b
1131 2404 1160 2456 et
1176 2397 1259 2456 Plrot.
1286 2398 1350 2456 eod.
1373 2402 1438 2458 263

154 2524 182 2581 p.
202 2507 285 2564 49οο
303 2509 342 2565 25
360 2513 388 2565 et
405 2507 468 2565 cod.
489 2509 549 2565 265
569 2525 596 2581 p.
616 2507 699 2564 492b
718 2509 756 2565 26
775 2507 810 2565 ed
825 2507 915 2566 Bekk.
949 2502 1068 2565 Isaeum
1081 2506 1306 2566 Chalcidensern
1319 2515 1439 2580 vocent,

153 2620 277 2689 apparet
293 2613 471 2689 posteriores
488 2613 647 2689 scriptores
664 2613 846 2672 Demetrium
863 2621 980 2673 secutos
1002 2633 1078 2686 esse,
1103 2614 1295 2672 Plutarchum
1312 2612 1378 2673 eins
1397 2615 1440 2674 rei

153 2720 290 2796 ignarum
313 2720 414 2780 luisse.

260 2853 292 2916 C.
312 2857 351 2913 30
369 2874 441 2912 num
457 2853 553 2913 verbis
577 2847 685 2932 κομιδῇ
710 2847 870 2934 φλυαροῦσι
886 2853 1025 2913 Demetrii
1041 2854 1079 2913 M.
1098 2874 1151 2913 nec
1177 2853 1282 2931 prioris
1307 2855 1440 2916 alieuius

153 2958 315 3036 scriptoris,
334 2958 384 3035 qui
396 2959 535 3018 Demetrii
548 2979 665 3036 quoque
676 2966 777 3018 auctor
791 2960 885 3032 luerit,
903 2962 1044 3019 refutetur
1060 2968 1270 3034 conunentum,
1288 2962 1439 3023 incertum

153 3073 205 3125 est.
254 3066 311 3125 Sed
335 3065 451 3125 etiamsi
475 3068 673 3126 concedamus
697 3065 726 3125 id
751 3068 787 3125 ad
811 3067 993 3127 Demetrium
1018 3076 1167 3144 spectare,
1200 3068 1266 3126 inde
1298 3075 1325 3126 et
1355 3073 1440 3146 (prod

151 3174 267 3231 duobus
291 3172 356 3232 aliis
381 3173 454 3232 locis
478 3173 599 3232 notitiae
623 3172 769 3249 quaedam
786 3194 821 3232 ex
839 3194 873 3232 eo
890 3174 1029 3250 repetitae
1046 3183 1123 3246 sunt,
1149 3174 1270 3233 minime
1294 3175 1440 3251 colligere

150 3278 218 3340 licet
241 3299 381 3354 magnam
405 3279 494 3339 totius
519 3280 594 3339 vitae
619 3288 733 3356 partem
757 3300 793 3339 ex
817 3283 920 3340 eodem
945 3281 1079 3356 Magnete
1102 3282 1234 3344 fluxisse.

257 3413 390 3490 Denique
413 3433 473 3472 non
496 3413 626 3473 alienum
642 3434 659 3472 a
676 3422 827 3473 causaest
844 3433 1079 3474 commemorare
1097 3415 1127 3474 in
1144 3415 1264 3491 reliquis
1281 3415 1439 3478 Plutarchi

151 3519 233 3579 libris
250 3521 366 3579 nullum
382 3528 499 3580 exstare
514 3521 622 3593 locum,
648 3520 697 3580 ubi
720 3520 770 3580 illo
787 3540 859 3580 usus
877 3521 923 3593 sit,
942 3541 1123 3598 quamquam
1139 3523 1195 3581 hoe
1208 3513 1275 3581 ‘non
1290 3543 1438 3598 magnum

151 3635 342 3689 momentum
358 3618 461 3687 facere’
483 3628 644 3702 Roesigero
668 3629 709 3704 (p.
734 3628 786 3700 39)
813 3630 951 3701 concede,
976 3629 1136 3688 dnmmodo
1160 3651 1219 3688 non
1238 3650 1324 3714 mero
1350 3649 1437 3705 casu,

149 3740 181 3791 ut
193 3733 234 3791 illi
247 3732 368 3806 videtur,
386 3735 437 3793 sed
453 3734 577 3793 consilio
595 3753 666 3792 suos
684 3735 780 3792 fontes
793 3754 861 3794 eum
874 3735 983 3794 adiisse
996 3737 1161 3797 credamus.
1192 3737 1230 3795 At
1246 3736 1437 3812 aliquantum

151 3860 222 3899 sane
245 3841 282 3899 ad
306 3861 368 3899 rem
392 3840 525 3918 pertinet,
551 3842 630 3917 quod
654 3841 773 3916 Dionys
799 3841 904 3915 Halic,
931 3842 1013 3901 testis
1037 3842 1158 3902 minime
1175 3845 1371 3919 spernendus,
1397 3848 1437 3905 de

150 3945 215 4005 Diu.
234 3947 293 4006 iud.
313 3949 328 4007 1
349 3967 403 4023 sq,
427 3947 609 4008 Demetrium
632 3948 798 4023 Magnetem
823 3969 922 4008 severe
947 3949 1119 4027 vituperavit
1149 3939 1243 4022 (οὐδὲν
1267 3941 1341 4006 ἐστιν
1366 3943 1436 4010 οὔτε

149 4044 268 4131 ἀκριβὲς
291 4045 356 4110 οὔτε
380 4047 498 4135 ἀληθὲς
520 4044 611 4133 εὑρεῖν
635 4055 714 4127 ete).
741 4086 780 4096 -

255 4187 404 4246 Duridis
421 4207 513 4248 causa
528 4209 588 4249 non
604 4191 785 4251 firmioribus
803 4212 893 4267 quam
909 4190 1048 4250 Demetrii
1065 4192 1210 4266 Magnetis
1229 4192 1435 4255 fundamentis

146 4291 257 4352 nititur.
299 4293 383 4366 Quod
399 4296 515 4355 etiamsi
531 4305 634 4374 postea
651 4319 716 4358 mea
733 4299 905 4375 quaestione
921 4298 1057 4357 instituta
1072 4299 1324 4376 comprobabitur,
1350 4320 1434 4362 nunc

147 4398 305 4476 impetrare
328 4424 345 4461 a
369 4422 416 4462 me
440 4423 567 4481 neque0,
599 4404 685 4482 quin,
717 4405 819 4484 quanti
843 4406 923 4466 illius
948 4412 1123 4483 argumenta
1148 4406 1332 4468 aestimanda
1359 4408 1432 4483 sint,

147 4506 249 4586 paucis
273 4508 427 4587 explicem.
