3158 5152
799 395 1011 461 ..22-

263 576 351 638 modo
376 575 585 652 cognovimus3
613 576 717 637 deinde
741 578 790 638 ille
813 581 896 639 locus
921 578 1085 639 doctrinam
1111 597 1180 656 prae
1204 597 1237 639 se
1260 578 1315 638 fert
1337 586 1366 639 et
1389 587 1542 656 praeterea

264 687 300 744 ad
314 685 493 744 comicorum
507 685 710 745 auctoritatem
723 686 853 762 respicit,
878 706 951 763 quos
969 686 1067 746 adisse
1074 685 1265 746 Plutarchum
1276 685 1374 763 ipsum
1385 706 1540 762 negamus,

261 793 387 868 denique
402 799 463 852 tam
480 800 559 852 arcte
576 813 644 851 cum
661 793 765 852 ceteris
782 794 956 853 coniunctus
974 801 1027 867 est,
1051 801 1082 853 ut
1100 793 1213 868 seiungi
1229 813 1287 852 non
1304 793 1408 871 possit.
1444 793 1542 871 Atque

262 920 443 978 quamquam
476 900 563 959 certis
594 901 652 960 nixi
677 900 885 960 Demosthenis
914 902 990 961 vitae
1020 901 1135 960 indiciis
1158 901 1349 960 Plutarchum
1380 901 1483 977 ipsum
1507 903 1541 962 ad

261 1006 469 1067 Demosthenis
500 1008 590 1067 vitam
620 1010 863 1068 conscribendam
888 1008 1047 1069 Midianam
1077 1007 1207 1067 studiose
1235 1007 1342 1083 legisse
1371 1028 1539 1082 censemus,

262 1123 360 1175 tamen
385 1116 464 1175 aliud
488 1124 533 1174 est
557 1116 686 1192 aliquam
711 1116 844 1175 notitiam
869 1116 937 1175 inde
959 1118 1115 1192 decerpere
1139 1134 1173 1173 ac
1197 1134 1314 1173 morum
1334 1123 1362 1174 et
1386 1115 1464 1175 vitae
1481 1136 1541 1192 per·

261 1222 480 1300 spiciendorum
504 1243 595 1283 causa
620 1231 712 1283 totam
736 1224 898 1283 orationem
924 1222 1111 1299 perscrutari.
1152 1220 1228 1280 Nam
1259 1229 1286 1280 et
1315 1220 1387 1280 illud
1411 1222 1540 1282 hominis

261 1329 338 1389 docti
368 1329 560 1390 Alexandrini
585 1338 629 1389 est
653 1350 756 1407 neque,
783 1331 832 1407 qui
856 1351 953 1390 mores
978 1349 1156 1406 cognoscere
1180 1330 1285 1400 studet,
1311 1329 1408 1389 facere
1434 1338 1539 1406 potest,

261 1437 332 1514 quin
356 1445 471 1514 praeter
495 1457 536 1496 or.
562 1439 597 1496 de
621 1457 680 1500 cor.
706 1459 771 1496 earn
796 1437 985 1515 potissimum
1009 1438 1102 1496 adeat.

368 1543 505 1604 Ceterum
518 1546 676 1603 tenendum
689 1553 733 1603 est
746 1545 903 1604 verisimile
915 1565 982 1604 esse
989 1543 1190 1615 Plutarchum,
1211 1563 1278 1601 curn
1294 1543 1416 1603 vidisset
1430 1545 1540 1604 fontem

261 1649 434 1728 primarium
460 1651 579 1727 saepius
604 1651 640 1710 ad
665 1651 745 1709 illam
763 1652 926 1710 orationem
943 1671 974 1710 se
990 1652 1106 1723 referre,
1132 1650 1230 1727 ipsum
1254 1671 1319 1708 eam
1343 1652 1491 1710 evolvisse
1515 1660 1540 1711 ct

260 1756 414 1833 diligenter
437 1758 689 1835 pervestigavisse.

368 1864 443 1936 Quid
467 1865 533 1942 ipse
556 1865 697 1936 hauserit,
723 1865 791 1941 quid
808 1865 997 1942 descripserit
1013 1883 1160 1940 exponere
1176 1863 1285 1923 abhoc
1301 1864 1367 1922 loco
1384 1864 1539 1936 abhorret;

260 1973 317 2031 hoc
346 1974 526 2032 monendum
555 1973 608 2031 fuit
632 1973 691 2032 iam
715 1980 783 2031 aute
806 1970 999 2032 Plutarchum
1024 1971 1161 2048 Satyrum
1184 1972 1345 2030 Midianam
1368 1973 1541 2034 excussisse

261 2087 342 2139 certa
364 2079 472 2139 indicia
496 2087 621 2139 exstare.

367 2186 410 2246 lta
426 2186 502 2245 hanc
519 2185 721 2263 quaestionem
741 2207 812 2245 sane
825 2187 942 2262 plenam
956 2185 1163 2246 difficultatum
1174 2185 1348 2246 dissolvisse
1360 2205 1428 2245 cum
1441 2186 1541 2264 aliqua

262 2293 468 2372 probabilitate
491 2294 577 2352 nobis
603 2293 742 2354 videmur.

369 2400 515 2472 Quoniam
529 2400 627 2475 igitur
649 2401 839 2459 undecimum
863 2420 920 2476 quo
932 2421 979 2477 pue
1003 2408 1091 2477 caput
1111 2400 1186 2460 vitae
1202 2400 1363 2460 Alcibiadis
1380 2421 1416 2459 ex
1435 2399 1539 2476 Satyro

261 2507 451 2583 desumptum
475 2526 542 2565 esse
566 2514 690 2579 constat,
717 2527 784 2566 cnm
808 2507 955 2566 decimum
977 2514 1004 2566 et
1020 2508 1227 2566 duodecimum
1245 2506 1320 2566 sicut
1336 2508 1540 2567 antecedentia

261 2635 298 2675 ex
322 2615 426 2673 eodem
448 2613 529 2672 fonte
552 2615 659 2674 hausta
684 2615 751 2687 siut,
777 2616 975 2690 fragmentum
1000 2622 1098 2674 autem
1123 2614 1201 2672 illius
1218 2613 1357 2673 carminis
1374 2613 1496 2690 epinicii
1512 2615 1538 2674 in

261 2721 344 2781 Dem.
362 2721 438 2780 vitae
454 2740 519 2796 cap.
538 2721 632 2798 primo
650 2723 797 2798 prolatum
815 2723 930 2780 adeam
956 2729 1067 2799 partem
1088 2721 1163 2779 vitae
1179 2720 1339 2780 Alcibiadis
1353 2722 1537 2780 referendum

262 2826 309 2901 sit,
335 2847 409 2906 quae
433 2828 496 2887 sine
519 2828 607 2886 dubio
624 2847 659 2887 ex
677 2828 772 2904 Satyri
790 2829 856 2889 stilo
880 2831 971 2901 fluxit,
996 2828 1202 2888 necessitatem
1228 2835 1392 2887 memoratu
1419 2829 1538 2905 dignam

262 2933 338 2994 inter
361 2943 517 3012 utramque
541 2936 631 2994 vitam
654 2935 834 2996 intercedere
858 2937 923 3013 quis
948 2945 992 2995 est
1016 2936 1065 3012 qui
1089 2940 1194 3010 neget?
1222 2967 1256 2975 -

367 3043 432 3102 Hoc
455 3043 520 3101 loco
545 3042 624 3101 aliud
648 3062 764 3120 quoque
788 3044 891 3120 paucis
915 3045 1077 3103 absolvam.

367 3148 483 3209 Etenim
506 3149 615 3208 mirum
640 3157 692 3222 est,
719 3153 797 3227 quod
820 3152 896 3211 Plut.
914 3152 1144 3210 ldomeneum
1167 3151 1252 3208 Lam
1261 3169 1375 3226 psac,
1403 3151 1491 3209 cuius
1515 3158 1538 3208 et

262 3257 327 3317 aliis
338 3257 411 3317 locis
429 3264 456 3316 et
472 3257 502 3316 in
512 3257 665 3316 Demosth.
679 3256 735 3316 vita
751 3258 796 3316 bis
813 3259 993 3318 mentionem
1006 3258 1083 3330 facit,
1102 3258 1131 3316 in
1147 3257 1206 3317 alia
1222 3278 1252 3316 re
1268 3277 1387 3332 prorsus
1402 3259 1539 3333 neglexit.

263 3365 401 3440 Legimus
419 3363 496 3422 enim
513 3364 548 3422 fr.
568 3365 606 3423 13
625 3363 685 3440 (ap.
711 3363 816 3424 Athen.
841 3365 904 3423 Xlll
920 3369 991 3443 ι592
1017 3365 1048 3436 F,
1072 3365 1177 3424 Mtiller
1200 3365 1223 3422 ll
1248 3363 1323 3435 492)
1351 3359 1540 3424 ldomeneum

262 3472 392 3530 fabulam
409 3473 557 3547 quandam
571 3492 588 3530 a
602 3471 801 3530 Demosthene
823 3471 888 3548 ipso
905 3473 933 3530 in
947 3472 1075 3531 Midiana
1091 3473 1247 3530 refutatam
1264 3471 1369 3529 iterum
1386 3472 1541 3547 repetiisse

262 3579 400 3654 aliudque
412 3578 576 3637 convicium
591 3579 711 3655 insuper
725 3579 754 3637 io
765 3579 916 3638 libidinem
928 3579 1136 3637 Demosthenis
1154 3579 1355 3653 congessisse:
1373 3570 1541 3643 ἀκόλαστος

261 3675 286 3740 δ’
309 3676 344 3764 ἦν
368 3675 384 3741 ὁ
408 3675 504 3764 ῥήτωρ
527 3682 592 3763 περὶ
615 3683 650 3741 τὰ
673 3677 837 3766 ἀφροδίσια,
866 3677 906 3751 ὥς
930 3702 1014 3768 ρησιν
1037 3676 1206 3764 Ἰδορενὲος.
1251 3677 1452 3766 Ἀριστάρχου
1477 3689 1541 3760 γοῦν

259 3807 333 3858 τινος
356 3782 496 3869 ἐρασθεὶς
519 3791 670 3871 μειρακίον
698 3789 750 3848 καὶ
779 3784 813 3848 δι’
840 3783 910 3849 αὐτὸ
940 3792 1119 3873 παροινήσας
1146 3783 1187 3858 εἷς
1210 3785 1382 3873 Νικόδημον
1405 3783 1542 3872 ἐξέκοψεν

261 3888 348 3954 abaco
372 3895 438 3964 τοὺς
461 3888 641 3979 ὀρθαλροιίς
656 3915 683 3956 ιι.
700 3914 723 3954 τ.
739 3893 766 3956 λ.
805 3899 884 3959 ldem
910 3920 975 3958 cum
1001 3899 1183 3976 Hermippus
1208 3901 1350 3976 receperit
1374 3899 1423 3970 (cf.
1446 3901 1483 3959 fr.
1503 3903 1541 3962 59

262 4005 322 4064 iam
340 4025 430 4081 supra
448 4005 506 4064 alia
522 4007 557 4064 de
570 4026 661 4065 causa
674 4007 818 4080 allatum),
838 4006 975 4082 Satyrum
995 4026 1111 4083 quoque
1128 4007 1369 4084 transscripsisse
1384 4007 1544 4068 verisimile

260 4119 318 4183 est,
343 4133 413 4171 nam
437 4112 467 4171 hi
490 4112 543 4170 viri
568 4114 655 4185 docti,
681 4133 739 4189 qua
763 4121 846 4172 erant
869 4113 1027 4189 diligentia,
1053 4115 1143 4172 etiam
1160 4134 1235 4191 quae
1251 4112 1460 4173 commenticia
1478 4135 1542 4174 esse

261 4226 474 4294 cognoverant,
506 4220 534 4278 in
568 4239 656 4279 usum
681 4240 768 4279 suum
793 4229 963 4280 convertere
988 4220 1131 4279 solebant.
1180 4221 1315 4292 Quanam
1340 4220 1428 4296 igitur
1451 4240 1543 4281 causa

258 4326 436 4384 Plutarchus
461 4327 538 4385 hanc
562 4347 625 4386 rem
650 4345 884 4386 commemorare
908 4348 1030 4404 prorsus
1056 4328 1260 4403 supersedisse
1284 4328 1418 4387 videtur?
1467 4330 1542 4389 Nam

260 4434 337 4508 quod
354 4433 541 4493 Plutarchus.
568 4454 625 4510 quo
649 4433 779 4493 veritatis
805 4434 900 4493 studio
925 4433 1056 4493 imbutus
1079 4442 1149 4507 erat,
1174 4433 1364 4509 maligniores
1381 4435 1542 4511 scriptores

261 4559 277 4604 a
302 4557 334 4600 sc
358 4540 489 4613 removit,
522 4560 556 4606 ea
580 4561 611 4607 re
634 4560 693 4605 uon
717 4541 937 4607 demonstratur
961 4560 1027 4606 eum
1052 4540 1198 4608 Idomenei
1222 4542 1310 4607 verba
1333 4561 1370 4606 ne
1393 4544 1543 4608 mentione
