3164 5182
685 328 903 393 ..50-

152 509 370 584 Demosthenis,
395 508 457 568 eius
481 509 630 571 damnatio
655 517 683 570 et
703 531 785 570 mors
801 512 837 573 ad
853 510 1047 570 illustrandos
1069 530 1168 572 mores
1184 512 1233 571 vel
1251 511 1361 588 potius
1376 511 1434 573 vitia

151 617 359 677 Demosthenis
382 617 441 676 lale
464 617 587 694 fuseque
610 625 834 692 exaggerantur,
860 616 983 694 penuria
1006 616 1117 676 scilicet
1145 637 1250 677 rerum
1274 619 1434 679 incivitate

153 726 279 801 regenda
296 725 446 802 praeclare
462 731 621 800 gestarum.
658 725 760 802 ltaque
775 745 833 784 non
852 725 950 783 solum
968 723 1098 801 stirpem,
1123 724 1154 784 in
1171 726 1291 801 quade
1309 727 1435 786 moribus

151 832 305 907 diligenter
329 831 497 908 expositum
521 850 587 889 esse
610 830 731 904 seimus,
756 832 793 890 ad
808 833 930 891 verbum
946 832 1005 890 lere
1022 832 1162 906 excussit,
1188 834 1245 892 sed
1262 833 1362 893 etiam
1377 835 1435 893 data

151 939 307 999 occasione
331 959 366 998 ex
391 936 517 997 aliorum
541 937 721 1015 scriptorum
743 939 868 1001 lectione
891 939 1034 998 nonnulla
1056 939 1103 998 his
1127 939 1249 1002 adiecit.

257 1064 342 1136 Quod
358 1082 512 1141 quousque
529 1062 681 1140 pertineat,
706 1083 794 1137 nunc,
820 1071 963 1140 quantum
980 1082 1112 1140 possum,
1130 1063 1350 1140 explicaturus
1367 1084 1434 1124 sum.

258 1197 340 1274 Cap.
364 1199 405 1256 24
426 1197 555 1274 priorem
579 1204 693 1273 partem
716 1197 820 1273 eidem,
845 1198 896 1274 qui
918 1217 966 1257 res
989 1196 1148 1256 Alexandri
1173 1198 1346 1269 recensuit,
1372 1198 1435 1259 sonti

151 1306 257 1369 tribuo.

256 1429 376 1502 Deinde,
394 1448 470 1505 quae
482 1429 518 1488 de
530 1429 662 1488 oratione
674 1430 710 1488 de
722 1447 832 1488 corona
842 1431 1008 1501 traduntur,
1021 1427 1126 1488 ineius
1139 1428 1294 1488 orationis
1307 1430 1436 1506 margine

149 1556 259 1612 magna
274 1555 311 1595 ex
327 1543 410 1613 parte
425 1537 576 1596 exstitisse
592 1544 672 1613 puto.
708 1537 751 1595 De
762 1537 903 1612 Dionysio
916 1536 1011 1599 Halic.
1025 1536 1070 1594 vel
1082 1535 1212 1595 Caecilio
1225 1535 1295 1597 Cal.
1311 1538 1436 1612 cogitare

150 1662 211 1703 non
234 1643 377 1718 cogimur,
395 1663 464 1703 cum
479 1644 608 1721 spatium
625 1645 726 1703 decem
742 1663 897 1717 annorum,
921 1644 999 1720 quod
1015 1643 1091 1702 Plut.
1109 1643 1329 1703 intercessisse
1345 1644 1435 1716 tradit,

152 1759 312 1827 antequam
328 1770 419 1810 musa
435 1751 465 1810 in
481 1751 622 1811 iudicium
637 1752 837 1823 deduceretur,
859 1769 895 1808 ex
913 1750 1055 1826 scriptore
1071 1756 1167 1809 aetate
1183 1751 1351 1827 superiore
1366 1769 1439 1828 repe·

152 1858 239 1917 titum
262 1876 329 1915 esse
352 1876 396 1931 eo,
422 1859 500 1934 quod
523 1858 583 1917 iam
604 1857 706 1917 Cicero
730 1878 797 1916 eam
820 1857 1072 1933 computationem
1087 1856 1207 1915 exhibet
1224 1858 1276 1930 (de
1294 1866 1363 1936 opt.
1380 1877 1436 1934 gen.

152 1983 195 2024 or.
216 1967 243 2033 7,
261 1965 324 2037 22),
350 1965 568 2041 comprobetur.
606 1962 683 2036 Quin
707 1964 796 2024 etiam
819 1963 876 2022 hac
899 1963 974 2022 futili
998 1962 1140 2040 temporis
1157 1966 1394 2042 computatione
1407 1966 1438 2024 ab

150 2071 197 2129 his
221 2070 291 2129 viris
315 2071 511 2131 subtilissimo
535 2071 642 2130 iudicio
667 2072 807 2148 praeditis
831 2071 999 2131 avertimur.
1035 2070 1075 2129 At
1090 2070 1121 2129 in
1136 2070 1232 2148 stirpe
1248 2074 1354 2133 multo
1378 2082 1437 2133 ante

151 2178 324 2238 Ciceronem
340 2178 506 2255 composita
521 2178 578 2236 hoc
594 2177 744 2237 exstitisse
759 2179 895 2255 equidem
911 2197 971 2237 non
986 2195 1127 2254 repugno,
1145 2177 1171 2237 si
1183 2179 1277 2238 modo
1293 2180 1349 2240 ille
1361 2181 1438 2240 locus
1474 2154 1476 2201 ³

152 2285 324 2361 excipiatur,
350 2305 408 2362 quo
425 2285 501 2345 Plut.
520 2305 556 2344 ex
581 2286 682 2362 spurio
706 2285 765 2359 1110,
792 2286 870 2361 quod
894 2285 1063 2344 etiamnunc
1086 2286 1102 2355 ἕ
1128 2287 1169 2344 54
1193 2303 1240 2362 sq.
1260 2305 1309 2348 or.
1329 2289 1437 2347 decor.

151 2392 265 2467 legitur,
292 2393 446 2470 plebiscito
471 2393 662 2452 Chaerondae
685 2393 836 2452 archontis
859 2411 968 2452 nomen
992 2392 1022 2451 in
1046 2384 1153 2451 librum
1178 2392 1307 2470 recepit.

259 2526 305 2588 Ca
313 2547 341 2604 p.
360 2531 401 2588 25
418 2534 452 2586 et.
468 2530 508 2587 26
527 2528 608 2587 init.
626 2528 813 2588 continentur
835 2529 950 2587 famosa
970 2528 1021 2587 illa
1036 2527 1108 2586 Har
1115 2526 1248 2604 palica.
1282 2527 1437 2607 Harpalus
1473 2588 1476 2601 ,

149 2633 215 2692 sine
241 2634 331 2693 dubio
355 2636 392 2695 ab
416 2635 554 2695 omnibus
578 2654 677 2694 rerum
700 2635 860 2696 Alexandri
884 2634 1078 2711 scriptoribus
1100 2634 1184 2693 valde
1209 2635 1436 2709 celebrabatur3

149 2759 221 2800 nam
236 2739 313 2800 Plut.
330 2741 361 2800 in
376 2742 461 2804 Alex.
478 2743 537 2801 vita
558 2744 594 2802 de
617 2761 651 2802 eo
676 2762 765 2820 saepe
781 2750 810 2802 et
825 2744 918 2802 multa
934 2742 1074 2802 disseruit
1090 2743 1128 2816 (c.
1150 2743 1199 2814 10,
1218 2745 1273 2816 22,
1295 2746 1355 2818 35,
1372 2745 1433 2816 41),

150 2849 224 2908 etin
241 2849 315 2908 vitas
331 2850 637 2927 Pseudoplutarcheas
653 2851 772 2928 irrepsit
787 2851 850 2910 eius
867 2851 986 2924 mentio,
1012 2850 1180 2927 ubicunque
1196 2850 1285 2910 locus
1313 2854 1438 2912 dabatur

150 2955 191 3033 (p.
218 2960 301 3017 846a
325 2978 381 3034 sq,
407 2960 492 3030 8481,
518 2959 622 3031 8500).
670 2960 702 3018 ln
724 2959 933 3018 Demosthenis
956 2958 1015 3017 vita
1038 2964 1160 3034 apparet
1183 2957 1391 3020 Plutarchum
1411 2968 1436 3019 et

150 3063 344 3140 scriptoribus
361 3085 460 3124 rerum
470 3066 632 3125 Alexandri
648 3066 685 3126 M.
700 3074 729 3125 et
745 3066 846 3143 stirpis
862 3065 1091 3125 narratiunculis
1107 3072 1136 3124 et
1152 3064 1361 3145 Theopompo
1377 3068 1435 3128 niti.

149 3169 206 3229 Sed
223 3170 311 3229 certis
327 3172 436 3232 finibus
452 3172 581 3245 definire,
604 3173 673 3250 quid
688 3173 778 3246 illinc,
797 3173 866 3250 quid
881 3174 950 3232 hinc
967 3171 1173 3249 assumpserit,
1191 3190 1352 3249 perquam
1367 3175 1436 3234 dilli-

148 3278 203 3337 cile
226 3288 287 3351 est;
311 3299 382 3338 nam
405 3280 471 3356 quis
495 3279 567 3338 certi
591 3280 751 3357 quicquam
768 3288 896 3340 statuere
913 3282 1037 3354 studeat,
1062 3279 1142 3356 quin,
1167 3297 1239 3338 cum
1255 3281 1363 3342 fontes
1379 3301 1436 3342 nou

148 3384 221 3444 satis
242 3393 428 3455 succurrant,
452 3385 631 3446 harioletur?
670 3387 771 3463 ltaque
786 3387 928 3446 nonnulla
946 3386 1201 3447 animadversione
1215 3387 1315 3464 digna
1332 3391 1435 3450 afferre

148 3491 284 3552 sufficiat.

254 3619 287 3682 C.
302 3622 341 3679 25
354 3618 416 3678 init.
434 3637 505 3678 voce
520 3609 818 3700 ἐποφθαλμιάσαντες
835 3621 871 3678 ad
883 3619 1040 3697 Hyperidis
1058 3619 1205 3679 orationes
1224 3620 1434 3696 perducimur;

147 3745 217 3785 nam
239 3726 345 3786 Pollux
370 3729 398 3798 2,
424 3729 464 3786 62
490 3726 642 3803 (Hyperid.
667 3728 772 3800 fragm.
792 3728 853 3786 258
871 3729 915 3786 ed.
934 3726 1034 3800 Blass)
1058 3729 1142 3787 docet
1165 3727 1238 3786 hoc:
1264 3728 1326 3786 καὶ
1350 3722 1434 3812 euop-

146 3827 278 3911 θαλμιᾱν
307 3831 339 3890 τὸ
369 3825 520 3912 ἐπιθυμεῖν
546 3849 633 3903 τινος,
664 3830 716 3891 καὶ
743 3824 944 3915 ὠφθαλμίασε
972 3833 1004 3892 τὸ
1032 3827 1218 3915 ἐπεθὺμησεν
1247 3826 1433 3919 Ὑπερείδης.

147 3940 302 4001 Neminem
314 3941 388 4016 fugit
399 3941 455 4001 hoc
468 3942 498 4001 in
508 3941 584 4019 Hyp.
599 3961 640 4000 or.
651 3941 714 4001 adv.
728 3941 880 4002 Demosth.
897 3943 1041 4019 scripturn
1060 3942 1161 4016 luisse,
1179 3941 1266 4002 cuius
1282 3945 1434 4006 orationis

146 4048 205 4107 alia
217 4068 335 4126 quoque
347 4057 448 4126 patent
459 4049 591 4124 vestigia,
606 4049 631 4108 si
644 4050 732 4108 modo
746 4050 905 4109 contuleris
918 4052 1023 4126 fragm.
1035 4053 1074 4110 12
1083 4050 1170 4109 Blass
1180 4070 1208 4127 p.
1219 4053 1261 4112 16
1271 4070 1300 4112 r.
1313 4057 1358 4116 13
1369 4073 1432 4132 sqq.

146 4175 213 4215 cum
237 4175 281 4230 eo,
306 4158 385 4234 quod
407 4156 584 4216 Plutarchus
609 4177 633 4216 c.
653 4160 691 4218 25
712 4176 735 4217 3.
753 4178 792 4216 nr.
811 4165 838 4216 et
855 4179 879 4217 c.
899 4161 938 4218 26
963 4157 1003 4221 in.
1028 4160 1116 4217 refert
1123 4181 1130 4230 ;
1154 4165 1245 4234 atque
1268 4161 1434 4221 verisimile

145 4263 243 4323 estin
266 4263 358 4341 stirpe
382 4265 481 4324 omnia
504 4266 542 4325 ad
565 4265 642 4324 hanc
665 4285 729 4324 rem
753 4265 917 4342 spectantia
941 4284 1008 4324 cum
1032 4286 1067 4325 ex
1092 4265 1224 4325 oratione
1242 4269 1339 4329 modo
1357 4289 1433 4330 com·

145 4380 308 4432 memorata
336 4381 399 4432 tum
427 4392 463 4432 ex
496 4372 562 4432 aliis
586 4373 795 4450 scriptoribuS,
828 4373 1001 4450 plerumque
1024 4374 1192 4433 fabularum
1215 4378 1432 4451 sectatoribus,

145 4479 254 4542 collata
278 4481 383 4554 luisse;
407 4482 494 4556 velut,
520 4482 598 4559 quod
622 4484 659 4542 de
682 4484 788 4560 poculo
813 4490 957 4557 narratur,
983 4503 1018 4542 ex
1035 4482 1161 4558 Lynceo,
1186 4481 1312 4545 Duridis
1330 4487 1431 4562 traua,
