<?xml version="1.0" encoding="UTF-8"?>
<!DOCTYPE html PUBLIC "-//W3C//DTD XHTML 1.0 Transitional//EN"
    "http://www.w3.org/TR/xhtml1/DTD/xhtml1-transitional.dtd">
<html xmlns="http://www.w3.org/1999/xhtml" xml:lang="en" lang="en">
 <head>
  <title>
</title>
<meta http-equiv="Content-Type" content="text/html;charset=utf-8" />
  <meta name='ocr-system' content='tesseract 3.04.00' />
  <meta name='ocr-capabilities' content='ocr_page ocr_carea ocr_par ocr_line ocrx_word'/>
</head>
<body>
  <div class='ocr_page' id='page_1' title='image "./deplutarchiinde00gebhgoog_0027.png"; bbox 0 0 3164 5182; ppageno 0'>
   <div class='ocr_carea' id='block_1_1' title="bbox 682 316 893 407">
    <p class='ocr_par' dir='ltr' id='par_1_1' title="bbox 682 316 893 407">
     <span class='ocr_line' id='line_1_1' title="bbox 682 316 893 407; baseline 0 -42"><span class='ocrx_word' id='word_1_1' title='bbox 682 316 893 407; x_wconf 49' lang='lat'>*24*</span> 
     </span>
    </p>
   </div>
   <div class='ocr_carea' id='block_1_2' title="bbox 111 498 1434 4552">
    <p class='ocr_par' dir='ltr' id='par_1_2' title="bbox 137 498 1428 795">
     <span class='ocr_line' id='line_1_2' title="bbox 146 498 1426 585; baseline 0.008 -27"><span class='ocrx_word' id='word_1_2' title='bbox 146 498 246 578; x_wconf 78' lang='lat' dir='ltr'>stirpis</span> <span class='ocrx_word' id='word_1_3' title='bbox 271 500 336 578; x_wconf 86' lang='lat' dir='ltr'>ipsa</span> <span class='ocrx_word' id='word_1_4' title='bbox 361 499 418 562; x_wconf 89' lang='lat' dir='ltr'>vita</span> <span class='ocrx_word' id='word_1_5' title='bbox 443 504 628 579; x_wconf 70' lang='lat' dir='ltr'><strong>praebentur,</strong></span> <span class='ocrx_word' id='word_1_6' title='bbox 654 503 731 580; x_wconf 81' lang='lat' dir='ltr'>quod</span> <span class='ocrx_word' id='word_1_7' title='bbox 753 501 939 585; x_wconf 81' lang='lat' dir='ltr'>singulorum</span> <span class='ocrx_word' id='word_1_8' title='bbox 954 501 1086 579; x_wconf 88' lang='lat' dir='ltr'>capitum</span> <span class='ocrx_word' id='word_1_9' title='bbox 1102 501 1323 573; x_wconf 75' lang='lat' dir='ltr'>examinatione</span> <span class='ocrx_word' id='word_1_10' title='bbox 1339 503 1426 569; x_wconf 87' lang='lat' dir='ltr'>etiam</span> 
     </span>
     <span class='ocr_line' id='line_1_3' title="bbox 137 608 1428 691; baseline 0.005 -25"><span class='ocrx_word' id='word_1_11' title='bbox 137 608 255 675; x_wconf 57' lang='lat' dir='ltr'>,clarius</span> <span class='ocrx_word' id='word_1_12' title='bbox 281 608 342 667; x_wconf 88' lang='lat' dir='ltr'>fore</span> <span class='ocrx_word' id='word_1_13' title='bbox 366 629 464 686; x_wconf 85' lang='lat' dir='ltr'>spero,</span> <span class='ocrx_word' id='word_1_14' title='bbox 501 610 577 683; x_wconf 89' lang='lat' dir='ltr'>Quid</span> <span class='ocrx_word' id='word_1_15' title='bbox 601 612 680 688; x_wconf 84' lang='lat' dir='ltr'>quod</span> <span class='ocrx_word' id='word_1_16' title='bbox 696 631 754 670; x_wconf 93' lang='lat' dir='ltr'>non</span> <span class='ocrx_word' id='word_1_17' title='bbox 771 609 942 670; x_wconf 80' lang='lat' dir='ltr'>incredibile</span> <span class='ocrx_word' id='word_1_18' title='bbox 958 619 1002 671; x_wconf 91' lang='lat' dir='ltr'>est</span> <span class='ocrx_word' id='word_1_19' title='bbox 1017 611 1344 689; x_wconf 87' lang='lat' dir='ltr'>Pseudoplutarcheam</span> <span class='ocrx_word' id='word_1_20' title='bbox 1361 633 1428 691; x_wconf 89' lang='lat' dir='ltr'>quo·</span> 
     </span>
     <span class='ocr_line' id='line_1_4' title="bbox 146 715 1188 795; baseline 0.011 -22"><span class='ocrx_word' id='word_1_21' title='bbox 146 735 202 793; x_wconf 85' lang='lat' dir='ltr'>que</span> <span class='ocrx_word' id='word_1_22' title='bbox 225 715 434 778; x_wconf 83' lang='lat' dir='ltr'>Demosthenis</span> <span class='ocrx_word' id='word_1_23' title='bbox 458 718 548 779; x_wconf 87' lang='lat' dir='ltr'>vitam</span> <span class='ocrx_word' id='word_1_24' title='bbox 571 720 608 780; x_wconf 89' lang='lat' dir='ltr'>ad</span> <span class='ocrx_word' id='word_1_25' title='bbox 632 721 720 779; x_wconf 87' lang='lat' dir='ltr'>talem</span> <span class='ocrx_word' id='word_1_26' title='bbox 747 718 870 795; x_wconf 90' lang='lat' dir='ltr'>stirpem</span> <span class='ocrx_word' id='word_1_27' title='bbox 893 720 1088 780; x_wconf 84' lang='lat' dir='ltr'>revocandam</span> <span class='ocrx_word' id='word_1_28' title='bbox 1113 739 1188 784; x_wconf 88' lang='lat' dir='ltr'>esse.</span> 
     </span>
    </p>

    <p class='ocr_par' dir='ltr' id='par_1_3' title="bbox 111 808 1429 1334">
     <span class='ocr_line' id='line_1_5' title="bbox 135 808 1428 903; baseline 0.004 -19"><span class='ocrx_word' id='word_1_29' title='bbox 135 808 138 813; x_wconf 41' lang='grc'><strong>’</strong></span> <span class='ocrx_word' id='word_1_30' title='bbox 252 825 334 885; x_wconf 89' lang='lat' dir='ltr'>Haec</span> <span class='ocrx_word' id='word_1_31' title='bbox 364 827 424 884; x_wconf 85' lang='lat' dir='ltr'>fere</span> <span class='ocrx_word' id='word_1_32' title='bbox 454 826 490 885; x_wconf 93' lang='lat' dir='ltr'>de</span> <span class='ocrx_word' id='word_1_33' title='bbox 514 825 605 903; x_wconf 84' lang='lat' dir='ltr'>stirpe</span> <span class='ocrx_word' id='word_1_34' title='bbox 628 825 752 887; x_wconf 91' lang='lat' dir='ltr'>dicenda</span> <span class='ocrx_word' id='word_1_35' title='bbox 775 832 867 886; x_wconf 90' lang='lat' dir='ltr'>erant.</span> <span class='ocrx_word' id='word_1_36' title='bbox 915 825 997 898; x_wconf 85' lang='lat' dir='ltr'>Quae</span> <span class='ocrx_word' id='word_1_37' title='bbox 1020 834 1052 886; x_wconf 94' lang='lat' dir='ltr'>ut</span> <span class='ocrx_word' id='word_1_38' title='bbox 1074 827 1236 900; x_wconf 90' lang='lat' dir='ltr'>reticerem,</span> <span class='ocrx_word' id='word_1_39' title='bbox 1262 849 1280 888; x_wconf 86' lang='lat' dir='ltr'>a</span> <span class='ocrx_word' id='word_1_40' title='bbox 1306 849 1355 889; x_wconf 90' lang='lat' dir='ltr'>me</span> <span class='ocrx_word' id='word_1_41' title='bbox 1379 828 1428 888; x_wconf 86' lang='lat' dir='ltr'>im·</span> 
     </span>
     <span class='ocr_line' id='line_1_6' title="bbox 111 914 1429 1009; baseline 0.006 -20"><span class='ocrx_word' id='word_1_42' title='bbox 111 914 112 918; x_wconf 7' lang='grc' dir='ltr'><strong>Ἰ</strong></span> <span class='ocrx_word' id='word_1_43' title='bbox 147 937 262 1008; x_wconf 86' lang='lat' dir='ltr'>petrare</span> <span class='ocrx_word' id='word_1_44' title='bbox 285 952 344 991; x_wconf 93' lang='lat' dir='ltr'>non</span> <span class='ocrx_word' id='word_1_45' title='bbox 369 931 459 1008; x_wconf 88' lang='lat' dir='ltr'>potui,</span> <span class='ocrx_word' id='word_1_46' title='bbox 486 952 667 1009; x_wconf 89' lang='lat' dir='ltr'>quamquam</span> <span class='ocrx_word' id='word_1_47' title='bbox 691 932 786 1008; x_wconf 87' lang='lat' dir='ltr'>Satyri</span> <span class='ocrx_word' id='word_1_48' title='bbox 810 952 918 992; x_wconf 90' lang='lat' dir='ltr'>nomen</span> <span class='ocrx_word' id='word_1_49' title='bbox 943 933 1039 993; x_wconf 88' lang='lat' dir='ltr'>adbuc</span> <span class='ocrx_word' id='word_1_50' title='bbox 1055 954 1126 994; x_wconf 89' lang='lat' dir='ltr'>sane</span> <span class='ocrx_word' id='word_1_51' title='bbox 1149 935 1313 995; x_wconf 88' lang='lat' dir='ltr'>obscurum</span> <span class='ocrx_word' id='word_1_52' title='bbox 1338 936 1429 998; x_wconf 86' lang='lat' dir='ltr'>luisse</span> 
     </span>
     <span class='ocr_line' id='line_1_7' title="bbox 145 1022 1427 1120; baseline 0.008 -26"><span class='ocrx_word' id='word_1_53' title='bbox 145 1037 224 1098; x_wconf 92' lang='lat' dir='ltr'>baud</span> <span class='ocrx_word' id='word_1_54' title='bbox 248 1037 359 1114; x_wconf 91' lang='lat' dir='ltr'>ignoro.</span> <span class='ocrx_word' id='word_1_55' title='bbox 399 1022 503 1116; x_wconf 25' lang='lat' dir='ltr'>Neque*</span> <span class='ocrx_word' id='word_1_56' title='bbox 524 1040 603 1099; x_wconf 92' lang='lat' dir='ltr'>enim</span> <span class='ocrx_word' id='word_1_57' title='bbox 619 1039 690 1100; x_wconf 89' lang='lat' dir='ltr'>utile</span> <span class='ocrx_word' id='word_1_58' title='bbox 714 1060 779 1099; x_wconf 90' lang='lat' dir='ltr'>esse</span> <span class='ocrx_word' id='word_1_59' title='bbox 796 1039 942 1114; x_wconf 87' lang='lat' dir='ltr'>existimo,</span> <span class='ocrx_word' id='word_1_60' title='bbox 968 1041 1130 1118; x_wconf 84' lang='lat' dir='ltr'>quaemihi</span> <span class='ocrx_word' id='word_1_61' title='bbox 1147 1041 1196 1101; x_wconf 93' lang='lat' dir='ltr'>diu</span> <span class='ocrx_word' id='word_1_62' title='bbox 1212 1063 1246 1102; x_wconf 91' lang='lat' dir='ltr'>ac</span> <span class='ocrx_word' id='word_1_63' title='bbox 1263 1043 1427 1120; x_wconf 89' lang='lat' dir='ltr'>diligenter,</span> 
     </span>
     <span class='ocr_line' id='line_1_8' title="bbox 148 1146 1428 1225; baseline 0.005 -20"><span class='ocrx_word' id='word_1_64' title='bbox 148 1154 180 1205; x_wconf 95' lang='lat' dir='ltr'>ut</span> <span class='ocrx_word' id='word_1_65' title='bbox 204 1167 292 1223; x_wconf 84' lang='lat' dir='ltr'>quem</span> <span class='ocrx_word' id='word_1_66' title='bbox 318 1146 492 1224; x_wconf 76' lang='lat' dir='ltr'>scriptorem</span> <span class='ocrx_word' id='word_1_67' title='bbox 509 1148 682 1225; x_wconf 89' lang='lat' dir='ltr'>Herrnipp0,</span> <span class='ocrx_word' id='word_1_68' title='bbox 708 1148 855 1219; x_wconf 85' lang='lat' dir='ltr'>Aristone,</span> <span class='ocrx_word' id='word_1_69' title='bbox 881 1149 1075 1209; x_wconf 84' lang='lat' dir='ltr'>Eratosthene</span> <span class='ocrx_word' id='word_1_70' title='bbox 1098 1157 1193 1210; x_wconf 87' lang='lat' dir='ltr'>aetate</span> <span class='ocrx_word' id='word_1_71' title='bbox 1216 1150 1364 1210; x_wconf 91' lang='lat' dir='ltr'>minorem</span> <span class='ocrx_word' id='word_1_72' title='bbox 1390 1152 1428 1211; x_wconf 91' lang='lat' dir='ltr'>in·</span> 
     </span>
     <span class='ocr_line' id='line_1_9' title="bbox 147 1252 1327 1334; baseline 0.004 -22"><span class='ocrx_word' id='word_1_73' title='bbox 147 1253 333 1330; x_wconf 88' lang='lat' dir='ltr'>vestigarem,</span> <span class='ocrx_word' id='word_1_74' title='bbox 357 1252 496 1315; x_wconf 83' lang='lat' dir='ltr'>historias</span> <span class='ocrx_word' id='word_1_75' title='bbox 523 1254 720 1332; x_wconf 75' lang='lat' dir='ltr'>perscrutanti</span> <span class='ocrx_word' id='word_1_76' title='bbox 743 1255 872 1314; x_wconf 87' lang='lat' dir='ltr'>invenire</span> <span class='ocrx_word' id='word_1_77' title='bbox 896 1255 1026 1331; x_wconf 85' lang='lat' dir='ltr'>contigit,</span> <span class='ocrx_word' id='word_1_78' title='bbox 1053 1276 1175 1334; x_wconf 88' lang='lat' dir='ltr'>prorsus</span> <span class='ocrx_word' id='word_1_79' title='bbox 1200 1256 1327 1320; x_wconf 85' lang='lat' dir='ltr'>abicere.</span> 
     </span>
    </p>

    <p class='ocr_par' dir='ltr' id='par_1_4' title="bbox 139 1345 1428 1544">
     <span class='ocr_line' id='line_1_10' title="bbox 139 1345 1428 1440; baseline 0.006 -23"><span class='ocrx_word' id='word_1_80' title='bbox 139 1345 142 1349; x_wconf 47' lang='grc'><strong>’</strong></span> <span class='ocrx_word' id='word_1_81' title='bbox 253 1361 314 1420; x_wconf 88' lang='lat' dir='ltr'>lam</span> <span class='ocrx_word' id='word_1_82' title='bbox 338 1381 405 1420; x_wconf 92' lang='lat' dir='ltr'>vero</span> <span class='ocrx_word' id='word_1_83' title='bbox 430 1361 636 1437; x_wconf 88' lang='lat' dir='ltr'>explicandum</span> <span class='ocrx_word' id='word_1_84' title='bbox 661 1362 724 1436; x_wconf 91' lang='lat' dir='ltr'>erit,</span> <span class='ocrx_word' id='word_1_85' title='bbox 750 1382 816 1421; x_wconf 93' lang='lat' dir='ltr'>cur</span> <span class='ocrx_word' id='word_1_86' title='bbox 840 1362 913 1422; x_wconf 90' lang='lat' dir='ltr'>alios</span> <span class='ocrx_word' id='word_1_87' title='bbox 930 1362 1051 1439; x_wconf 86' lang='lat' dir='ltr'>insuper</span> <span class='ocrx_word' id='word_1_88' title='bbox 1069 1363 1229 1440; x_wconf 89' lang='lat' dir='ltr'>scriptores</span> <span class='ocrx_word' id='word_1_89' title='bbox 1246 1365 1428 1438; x_wconf 78' lang='lat' dir='ltr'>adhibuisse,</span> 
     </span>
     <span class='ocr_line' id='line_1_11' title="bbox 146 1461 713 1544; baseline 0.004 -18"><span class='ocrx_word' id='word_1_90' title='bbox 146 1461 251 1528; x_wconf 89' lang='lat' dir='ltr'>deinde</span> <span class='ocrx_word' id='word_1_91' title='bbox 275 1488 363 1544; x_wconf 89' lang='lat' dir='ltr'>quos</span> <span class='ocrx_word' id='word_1_92' title='bbox 388 1468 550 1528; x_wconf 81' lang='lat' dir='ltr'>contulisse</span> <span class='ocrx_word' id='word_1_93' title='bbox 574 1469 713 1528; x_wconf 88' lang='lat' dir='ltr'>videatur.</span> 
     </span>
    </p>

    <p class='ocr_par' dir='ltr' id='par_1_5' title="bbox 139 1575 1433 2512">
     <span class='ocr_line' id='line_1_12' title="bbox 254 1575 1430 1653; baseline 0.003 -18"><span class='ocrx_word' id='word_1_94' title='bbox 254 1575 351 1653; x_wconf 79' lang='lat' dir='ltr'>Atque</span> <span class='ocrx_word' id='word_1_95' title='bbox 372 1576 521 1636; x_wconf 91' lang='lat' dir='ltr'>neminem</span> <span class='ocrx_word' id='word_1_96' title='bbox 542 1577 615 1652; x_wconf 86' lang='lat' dir='ltr'>fugit</span> <span class='ocrx_word' id='word_1_97' title='bbox 638 1577 831 1637; x_wconf 88' lang='lat' dir='ltr'>Plutarchum</span> <span class='ocrx_word' id='word_1_98' title='bbox 854 1577 883 1636; x_wconf 91' lang='lat' dir='ltr'>in</span> <span class='ocrx_word' id='word_1_99' title='bbox 900 1576 966 1635; x_wconf 88' lang='lat' dir='ltr'>vitis</span> <span class='ocrx_word' id='word_1_100' title='bbox 983 1576 1112 1635; x_wconf 90' lang='lat' dir='ltr'>virorum</span> <span class='ocrx_word' id='word_1_101' title='bbox 1129 1577 1368 1638; x_wconf 87' lang='lat' dir='ltr'>clarissimorum</span> <span class='ocrx_word' id='word_1_102' title='bbox 1385 1581 1430 1638; x_wconf 88' lang='lat' dir='ltr'>de·</span> 
     </span>
     <span class='ocr_line' id='line_1_13' title="bbox 148 1682 1430 1762; baseline 0.003 -21"><span class='ocrx_word' id='word_1_103' title='bbox 148 1682 310 1742; x_wconf 88' lang='lat' dir='ltr'>scribendis</span> <span class='ocrx_word' id='word_1_104' title='bbox 335 1685 370 1743; x_wconf 91' lang='lat' dir='ltr'>de</span> <span class='ocrx_word' id='word_1_105' title='bbox 394 1686 566 1744; x_wconf 82' lang='lat' dir='ltr'>muneribus</span> <span class='ocrx_word' id='word_1_106' title='bbox 598 1685 724 1762; x_wconf 91' lang='lat' dir='ltr'>publicis</span> <span class='ocrx_word' id='word_1_107' title='bbox 755 1687 815 1744; x_wconf 84' lang='lat' dir='ltr'>lere</span> <span class='ocrx_word' id='word_1_108' title='bbox 843 1685 915 1744; x_wconf 93' lang='lat' dir='ltr'>nihil</span> <span class='ocrx_word' id='word_1_109' title='bbox 946 1684 1034 1758; x_wconf 89' lang='lat' dir='ltr'>aliud,</span> <span class='ocrx_word' id='word_1_110' title='bbox 1066 1685 1124 1744; x_wconf 90' lang='lat' dir='ltr'>nisi</span> <span class='ocrx_word' id='word_1_111' title='bbox 1148 1688 1225 1762; x_wconf 86' lang='lat' dir='ltr'>quod</span> <span class='ocrx_word' id='word_1_112' title='bbox 1250 1687 1348 1747; x_wconf 89' lang='lat' dir='ltr'>omitti</span> <span class='ocrx_word' id='word_1_113' title='bbox 1372 1707 1430 1746; x_wconf 90' lang='lat' dir='ltr'>non</span> 
     </span>
     <span class='ocr_line' id='line_1_14' title="bbox 148 1792 1430 1870; baseline 0.002 -21"><span class='ocrx_word' id='word_1_114' title='bbox 148 1799 257 1867; x_wconf 89' lang='lat' dir='ltr'>posset,</span> <span class='ocrx_word' id='word_1_115' title='bbox 276 1792 379 1851; x_wconf 78' lang='lat' dir='ltr'>afferre</span> <span class='ocrx_word' id='word_1_116' title='bbox 392 1792 512 1851; x_wconf 89' lang='lat' dir='ltr'>solitum</span> <span class='ocrx_word' id='word_1_117' title='bbox 525 1813 600 1865; x_wconf 89' lang='lat' dir='ltr'>esse,</span> <span class='ocrx_word' id='word_1_118' title='bbox 615 1795 652 1852; x_wconf 95' lang='lat' dir='ltr'>ad</span> <span class='ocrx_word' id='word_1_119' title='bbox 664 1793 793 1852; x_wconf 88' lang='lat' dir='ltr'>indolem</span> <span class='ocrx_word' id='word_1_120' title='bbox 805 1802 902 1852; x_wconf 86' lang='lat' dir='ltr'>autem</span> <span class='ocrx_word' id='word_1_121' title='bbox 916 1812 1074 1869; x_wconf 89' lang='lat' dir='ltr'>moresque</span> <span class='ocrx_word' id='word_1_122' title='bbox 1087 1792 1278 1852; x_wconf 87' lang='lat' dir='ltr'>illustrandos</span> <span class='ocrx_word' id='word_1_123' title='bbox 1292 1794 1430 1870; x_wconf 88' lang='lat' dir='ltr'>plurimis</span> 
     </span>
     <span class='ocr_line' id='line_1_15' title="bbox 139 1876 1431 1977; baseline 0.002 -21"><span class='ocrx_word' id='word_1_124' title='bbox 139 1876 243 1957; x_wconf 39' lang='lat' dir='ltr'>&#39;vorbis</span> <span class='ocrx_word' id='word_1_125' title='bbox 269 1919 356 1957; x_wconf 92' lang='lat' dir='ltr'>usum</span> <span class='ocrx_word' id='word_1_126' title='bbox 380 1919 446 1958; x_wconf 89' lang='lat' dir='ltr'>esse</span> <span class='ocrx_word' id='word_1_127' title='bbox 469 1906 497 1958; x_wconf 92' lang='lat' dir='ltr'>et</span> <span class='ocrx_word' id='word_1_128' title='bbox 520 1900 757 1960; x_wconf 89' lang='lat' dir='ltr'>narratiunculas</span> <span class='ocrx_word' id='word_1_129' title='bbox 773 1901 924 1976; x_wconf 83' lang='lat' dir='ltr'>faceteque</span> <span class='ocrx_word' id='word_1_130' title='bbox 940 1899 1019 1958; x_wconf 89' lang='lat' dir='ltr'>dicta</span> <span class='ocrx_word' id='word_1_131' title='bbox 1035 1901 1213 1972; x_wconf 89' lang='lat' dir='ltr'>cumulasse,</span> <span class='ocrx_word' id='word_1_132' title='bbox 1239 1902 1319 1977; x_wconf 89' lang='lat' dir='ltr'>quod</span> <span class='ocrx_word' id='word_1_133' title='bbox 1336 1900 1431 1977; x_wconf 90' lang='lat' dir='ltr'>ipsius</span> 
     </span>
     <span class='ocr_line' id='line_1_16' title="bbox 149 2003 1432 2091; baseline 0.003 -29"><span class='ocrx_word' id='word_1_134' title='bbox 149 2003 245 2068; x_wconf 88' lang='lat' dir='ltr'>verbis</span> <span class='ocrx_word' id='word_1_135' title='bbox 263 2005 359 2091; x_wconf 63' lang='lat' dir='ltr'>(illex.</span> <span class='ocrx_word' id='word_1_136' title='bbox 378 2025 402 2064; x_wconf 84' lang='lat' dir='ltr'>c.</span> <span class='ocrx_word' id='word_1_137' title='bbox 419 2004 449 2077; x_wconf 80' lang='lat'>1)</span> <span class='ocrx_word' id='word_1_138' title='bbox 467 2006 539 2066; x_wconf 87' lang='lat' dir='ltr'>satis</span> <span class='ocrx_word' id='word_1_139' title='bbox 556 2008 730 2066; x_wconf 88' lang='lat' dir='ltr'>declaratur.</span> <span class='ocrx_word' id='word_1_140' title='bbox 766 2006 805 2066; x_wconf 85' lang='lat' dir='ltr'>At</span> <span class='ocrx_word' id='word_1_141' title='bbox 816 2006 907 2083; x_wconf 89' lang='lat' dir='ltr'>stirps</span> <span class='ocrx_word' id='word_1_142' title='bbox 920 2026 1022 2066; x_wconf 90' lang='lat' dir='ltr'>earum</span> <span class='ocrx_word' id='word_1_143' title='bbox 1034 2026 1133 2065; x_wconf 90' lang='lat' dir='ltr'>rerum</span> <span class='ocrx_word' id='word_1_144' title='bbox 1144 2007 1257 2082; x_wconf 86' lang='lat' dir='ltr'>largam</span> <span class='ocrx_word' id='word_1_145' title='bbox 1273 2007 1432 2068; x_wconf 87' lang='lat' dir='ltr'>materiam</span> 
     </span>
     <span class='ocr_line' id='line_1_17' title="bbox 150 2109 1431 2191; baseline 0.002 -21"><span class='ocrx_word' id='word_1_146' title='bbox 150 2111 292 2189; x_wconf 88' lang='lat' dir='ltr'>praebuit.</span> <span class='ocrx_word' id='word_1_147' title='bbox 339 2109 400 2170; x_wconf 83' lang='lat' dir='ltr'>Cur</span> <span class='ocrx_word' id='word_1_148' title='bbox 428 2113 483 2172; x_wconf 94' lang='lat' dir='ltr'>hac</span> <span class='ocrx_word' id='word_1_149' title='bbox 513 2121 668 2174; x_wconf 89' lang='lat' dir='ltr'>contentus</span> <span class='ocrx_word' id='word_1_150' title='bbox 697 2135 755 2173; x_wconf 90' lang='lat' dir='ltr'>non</span> <span class='ocrx_word' id='word_1_151' title='bbox 788 2119 868 2174; x_wconf 83' lang='lat' dir='ltr'>erat?</span> <span class='ocrx_word' id='word_1_152' title='bbox 915 2114 1066 2172; x_wconf 87' lang='lat' dir='ltr'>Plutarchi</span> <span class='ocrx_word' id='word_1_153' title='bbox 1089 2134 1149 2173; x_wconf 90' lang='lat' dir='ltr'>non</span> <span class='ocrx_word' id='word_1_154' title='bbox 1172 2121 1234 2173; x_wconf 90' lang='lat' dir='ltr'>erat</span> <span class='ocrx_word' id='word_1_155' title='bbox 1258 2115 1431 2191; x_wconf 82' lang='lat' dir='ltr'>exemplum</span> 
     </span>
     <span class='ocr_line' id='line_1_18' title="bbox 151 2218 1432 2306; baseline 0.002 -29"><span class='ocrx_word' id='word_1_156' title='bbox 151 2226 303 2295; x_wconf 76' lang='lat' dir='ltr'>tamquam</span> <span class='ocrx_word' id='word_1_157' title='bbox 316 2218 420 2278; x_wconf 87' lang='lat' dir='ltr'>defixis</span> <span class='ocrx_word' id='word_1_158' title='bbox 434 2220 527 2279; x_wconf 90' lang='lat' dir='ltr'>oculis</span> <span class='ocrx_word' id='word_1_159' title='bbox 541 2220 624 2297; x_wconf 74' lang='lat' dir='ltr'>senui</span> <span class='ocrx_word' id='word_1_160' title='bbox 642 2241 695 2280; x_wconf 87' lang='lat' dir='ltr'>nec</span> <span class='ocrx_word' id='word_1_161' title='bbox 707 2221 779 2280; x_wconf 91' lang='lat' dir='ltr'>satis</span> <span class='ocrx_word' id='word_1_162' title='bbox 791 2220 894 2280; x_wconf 86' lang='lat' dir='ltr'>habuit</span> <span class='ocrx_word' id='word_1_163' title='bbox 906 2219 1054 2306; x_wconf 90' lang='lat' dir='ltr'>audivisse</span> <span class='ocrx_word' id='word_1_164' title='bbox 1065 2221 1294 2280; x_wconf 88' lang='lat' dir='ltr'>Demosthenem</span> <span class='ocrx_word' id='word_1_165' title='bbox 1310 2221 1359 2280; x_wconf 92' lang='lat' dir='ltr'>bis</span> <span class='ocrx_word' id='word_1_166' title='bbox 1374 2221 1432 2280; x_wconf 88' lang='lat' dir='ltr'>illis</span> 
     </span>
     <span class='ocr_line' id='line_1_19' title="bbox 150 2325 1433 2404; baseline 0.004 -20"><span class='ocrx_word' id='word_1_167' title='bbox 150 2326 282 2386; x_wconf 88' lang='lat' dir='ltr'>moribus</span> <span class='ocrx_word' id='word_1_168' title='bbox 298 2346 386 2388; x_wconf 88' lang='lat' dir='ltr'>usum</span> <span class='ocrx_word' id='word_1_169' title='bbox 403 2348 477 2400; x_wconf 91' lang='lat' dir='ltr'>esse,</span> <span class='ocrx_word' id='word_1_170' title='bbox 497 2329 548 2386; x_wconf 90' lang='lat' dir='ltr'>sed</span> <span class='ocrx_word' id='word_1_171' title='bbox 566 2328 780 2401; x_wconf 82' lang='lat' dir='ltr'>sciscitabatur,</span> <span class='ocrx_word' id='word_1_172' title='bbox 798 2327 904 2404; x_wconf 86' lang='lat' dir='ltr'>quibus</span> <span class='ocrx_word' id='word_1_173' title='bbox 921 2325 1006 2387; x_wconf 87' lang='lat' dir='ltr'>lactis</span> <span class='ocrx_word' id='word_1_174' title='bbox 1023 2328 1170 2400; x_wconf 84' lang='lat' dir='ltr'>meruerit,</span> <span class='ocrx_word' id='word_1_175' title='bbox 1189 2336 1220 2388; x_wconf 91' lang='lat' dir='ltr'>ut</span> <span class='ocrx_word' id='word_1_176' title='bbox 1236 2329 1307 2389; x_wconf 91' lang='lat' dir='ltr'>talia</span> <span class='ocrx_word' id='word_1_177' title='bbox 1324 2329 1433 2390; x_wconf 90' lang='lat' dir='ltr'>iudicia</span> 
     </span>
     <span class='ocr_line' id='line_1_20' title="bbox 150 2435 973 2512; baseline 0 -19"><span class='ocrx_word' id='word_1_178' title='bbox 150 2435 186 2494; x_wconf 91' lang='lat' dir='ltr'>de</span> <span class='ocrx_word' id='word_1_179' title='bbox 209 2454 243 2493; x_wconf 92' lang='lat' dir='ltr'>eo</span> <span class='ocrx_word' id='word_1_180' title='bbox 267 2435 402 2496; x_wconf 89' lang='lat' dir='ltr'>homines</span> <span class='ocrx_word' id='word_1_181' title='bbox 427 2436 505 2495; x_wconf 90' lang='lat' dir='ltr'>docti</span> <span class='ocrx_word' id='word_1_182' title='bbox 530 2435 701 2512; x_wconf 87' lang='lat' dir='ltr'>posterioris</span> <span class='ocrx_word' id='word_1_183' title='bbox 726 2435 830 2494; x_wconf 88' lang='lat' dir='ltr'>aetatis</span> <span class='ocrx_word' id='word_1_184' title='bbox 856 2436 973 2495; x_wconf 85' lang='lat' dir='ltr'>ferrent.</span> 
     </span>
    </p>

    <p class='ocr_par' dir='ltr' id='par_1_6' title="bbox 148 2540 1434 2943">
     <span class='ocr_line' id='line_1_21' title="bbox 256 2540 1432 2621; baseline 0.002 -20"><span class='ocrx_word' id='word_1_185' title='bbox 256 2543 393 2603; x_wconf 89' lang='lat' dir='ltr'>Veritatis</span> <span class='ocrx_word' id='word_1_186' title='bbox 411 2542 504 2621; x_wconf 83' lang='lat' dir='ltr'>¹igitur</span> <span class='ocrx_word' id='word_1_187' title='bbox 529 2541 625 2600; x_wconf 89' lang='lat' dir='ltr'>studio</span> <span class='ocrx_word' id='word_1_188' title='bbox 651 2541 798 2617; x_wconf 90' lang='lat' dir='ltr'>impulsus</span> <span class='ocrx_word' id='word_1_189' title='bbox 815 2541 887 2599; x_wconf 90' lang='lat' dir='ltr'>mibi</span> <span class='ocrx_word' id='word_1_190' title='bbox 904 2541 1021 2617; x_wconf 67' lang='lat' dir='ltr'>quidem</span> <span class='ocrx_word' id='word_1_191' title='bbox 1039 2542 1075 2599; x_wconf 92' lang='lat' dir='ltr'>ad</span> <span class='ocrx_word' id='word_1_192' title='bbox 1092 2540 1251 2617; x_wconf 89' lang='lat' dir='ltr'>scriptores</span> <span class='ocrx_word' id='word_1_193' title='bbox 1268 2542 1368 2618; x_wconf 87' lang='lat' dir='ltr'>magis</span> <span class='ocrx_word' id='word_1_194' title='bbox 1385 2564 1432 2603; x_wconf 90' lang='lat' dir='ltr'>res</span> 
     </span>
     <span class='ocr_line' id='line_1_22' title="bbox 150 2647 1432 2729; baseline -0.003 -17"><span class='ocrx_word' id='word_1_195' title='bbox 150 2651 341 2729; x_wconf 87' lang='lat' dir='ltr'>respicientes</span> <span class='ocrx_word' id='word_1_196' title='bbox 355 2652 469 2709; x_wconf 88' lang='lat' dir='ltr'>delatus</span> <span class='ocrx_word' id='word_1_197' title='bbox 483 2670 549 2708; x_wconf 90' lang='lat' dir='ltr'>esse</span> <span class='ocrx_word' id='word_1_198' title='bbox 566 2649 693 2720; x_wconf 87' lang='lat' dir='ltr'>videtur;</span> <span class='ocrx_word' id='word_1_199' title='bbox 718 2649 830 2708; x_wconf 88' lang='lat' dir='ltr'>accedit</span> <span class='ocrx_word' id='word_1_200' title='bbox 848 2650 925 2725; x_wconf 77' lang='lat' dir='ltr'>quod</span> <span class='ocrx_word' id='word_1_201' title='bbox 942 2668 1010 2708; x_wconf 90' lang='lat' dir='ltr'>vero</span> <span class='ocrx_word' id='word_1_202' title='bbox 1022 2647 1128 2707; x_wconf 87' lang='lat' dir='ltr'>artium</span> <span class='ocrx_word' id='word_1_203' title='bbox 1142 2648 1308 2719; x_wconf 86' lang='lat' dir='ltr'>liberalium</span> <span class='ocrx_word' id='word_1_204' title='bbox 1322 2649 1432 2720; x_wconf 91' lang='lat' dir='ltr'>studio,</span> 
     </span>
     <span class='ocr_line' id='line_1_23' title="bbox 150 2754 1434 2837; baseline -0.002 -19"><span class='ocrx_word' id='word_1_205' title='bbox 150 2758 267 2837; x_wconf 90' lang='lat' dir='ltr'>penitus</span> <span class='ocrx_word' id='word_1_206' title='bbox 292 2765 459 2817; x_wconf 89' lang='lat' dir='ltr'>commotus</span> <span class='ocrx_word' id='word_1_207' title='bbox 484 2755 686 2828; x_wconf 88' lang='lat' dir='ltr'>admiratione,</span> <span class='ocrx_word' id='word_1_208' title='bbox 712 2756 886 2815; x_wconf 86' lang='lat' dir='ltr'>memoriam</span> <span class='ocrx_word' id='word_1_209' title='bbox 911 2757 1036 2814; x_wconf 89' lang='lat' dir='ltr'>condere</span> <span class='ocrx_word' id='word_1_210' title='bbox 1059 2754 1151 2814; x_wconf 89' lang='lat' dir='ltr'>voluit</span> <span class='ocrx_word' id='word_1_211' title='bbox 1174 2754 1434 2815; x_wconf 88' lang='lat' dir='ltr'>nobilissimorum</span> 
     </span>
     <span class='ocr_line' id='line_1_24' title="bbox 148 2863 493 2943; baseline -0.014 -18"><span class='ocrx_word' id='word_1_212' title='bbox 148 2864 330 2943; x_wconf 82' lang='lat' dir='ltr'>antiquitatis</span> <span class='ocrx_word' id='word_1_213' title='bbox 355 2863 493 2923; x_wconf 90' lang='lat' dir='ltr'>virorum.</span> 
     </span>
    </p>

    <p class='ocr_par' dir='ltr' id='par_1_7' title="bbox 147 2968 1434 3462">
     <span class='ocr_line' id='line_1_25' title="bbox 253 2968 1433 3056; baseline -0.002 -25"><span class='ocrx_word' id='word_1_214' title='bbox 253 2971 365 3031; x_wconf 89' lang='lat' dir='ltr'>Deinde</span> <span class='ocrx_word' id='word_1_215' title='bbox 385 2971 424 3043; x_wconf 89' lang='lat' dir='ltr'>si,</span> <span class='ocrx_word' id='word_1_216' title='bbox 451 2990 542 3046; x_wconf 83' lang='lat' dir='ltr'>qrros</span> <span class='ocrx_word' id='word_1_217' title='bbox 564 2969 728 3040; x_wconf 89' lang='lat' dir='ltr'>contulerit,</span> <span class='ocrx_word' id='word_1_218' title='bbox 756 2968 828 3027; x_wconf 91' lang='lat' dir='ltr'>mihi</span> <span class='ocrx_word' id='word_1_219' title='bbox 845 2969 1002 3056; x_wconf 83' lang='lat' dir='ltr'>dicendum</span> <span class='ocrx_word' id='word_1_220' title='bbox 1020 2977 1076 3041; x_wconf 88' lang='lat' dir='ltr'>est,</span> <span class='ocrx_word' id='word_1_221' title='bbox 1104 2969 1210 3045; x_wconf 85' lang='lat' dir='ltr'>quibus</span> <span class='ocrx_word' id='word_1_222' title='bbox 1232 2990 1268 3027; x_wconf 87' lang='lat' dir='ltr'>ex</span> <span class='ocrx_word' id='word_1_223' title='bbox 1297 2969 1433 3029; x_wconf 88' lang='lat' dir='ltr'>fontibus</span> 
     </span>
     <span class='ocr_line' id='line_1_26' title="bbox 148 3076 1433 3159; baseline -0.002 -20"><span class='ocrx_word' id='word_1_224' title='bbox 148 3100 237 3159; x_wconf 88' lang='lat' dir='ltr'>quarn</span> <span class='ocrx_word' id='word_1_225' title='bbox 262 3078 389 3156; x_wconf 90' lang='lat' dir='ltr'>plurima</span> <span class='ocrx_word' id='word_1_226' title='bbox 411 3077 529 3138; x_wconf 89' lang='lat' dir='ltr'>haurire</span> <span class='ocrx_word' id='word_1_227' title='bbox 554 3085 655 3154; x_wconf 87' lang='lat' dir='ltr'>posset</span> <span class='ocrx_word' id='word_1_228' title='bbox 678 3077 756 3136; x_wconf 90' lang='lat' dir='ltr'>haud</span> <span class='ocrx_word' id='word_1_229' title='bbox 780 3077 942 3152; x_wconf 89' lang='lat' dir='ltr'>ignorabat.</span> <span class='ocrx_word' id='word_1_230' title='bbox 983 3076 1097 3134; x_wconf 83' lang='lat' dir='ltr'>Etenim</span> <span class='ocrx_word' id='word_1_231' title='bbox 1123 3076 1170 3151; x_wconf 76' lang='lat' dir='ltr'>uiri</span> <span class='ocrx_word' id='word_1_232' title='bbox 1189 3076 1287 3152; x_wconf 89' lang='lat' dir='ltr'>posuit</span> <span class='ocrx_word' id='word_1_233' title='bbox 1304 3078 1433 3137; x_wconf 87' lang='lat' dir='ltr'>lectores</span> 
     </span>
     <span class='ocr_line' id='line_1_27' title="bbox 149 3183 1434 3265; baseline -0.002 -19"><span class='ocrx_word' id='word_1_234' title='bbox 149 3186 455 3265; x_wconf 90' lang='lat' dir='ltr'>praeclarissimorum</span> <span class='ocrx_word' id='word_1_235' title='bbox 480 3185 659 3261; x_wconf 89' lang='lat' dir='ltr'>scriptorum</span> <span class='ocrx_word' id='word_1_236' title='bbox 683 3184 815 3244; x_wconf 88' lang='lat' dir='ltr'>notitiam</span> <span class='ocrx_word' id='word_1_237' title='bbox 841 3185 995 3243; x_wconf 86' lang='lat' dir='ltr'>babituros</span> <span class='ocrx_word' id='word_1_238' title='bbox 1019 3203 1086 3242; x_wconf 87' lang='lat' dir='ltr'>esse</span> <span class='ocrx_word' id='word_1_239' title='bbox 1110 3183 1185 3255; x_wconf 87' lang='lat' dir='ltr'>(Nic.</span> <span class='ocrx_word' id='word_1_240' title='bbox 1211 3203 1274 3260; x_wconf 88' lang='lat' dir='ltr'>cap.</span> <span class='ocrx_word' id='word_1_241' title='bbox 1303 3183 1344 3257; x_wconf 84' lang='lat'>1),</span> <span class='ocrx_word' id='word_1_242' title='bbox 1373 3206 1434 3246; x_wconf 89' lang='lat' dir='ltr'>nou</span> 
     </span>
     <span class='ocr_line' id='line_1_28' title="bbox 149 3290 1434 3373; baseline -0.002 -19"><span class='ocrx_word' id='word_1_243' title='bbox 149 3294 243 3373; x_wconf 84' lang='lat' dir='ltr'>potuit</span> <span class='ocrx_word' id='word_1_244' title='bbox 265 3314 325 3354; x_wconf 91' lang='lat' dir='ltr'>non</span> <span class='ocrx_word' id='word_1_245' title='bbox 348 3293 412 3371; x_wconf 88' lang='lat' dir='ltr'>ipse</span> <span class='ocrx_word' id='word_1_246' title='bbox 436 3291 573 3364; x_wconf 88' lang='lat' dir='ltr'>interiore</span> <span class='ocrx_word' id='word_1_247' title='bbox 597 3291 764 3369; x_wconf 84' lang='lat' dir='ltr'>cognitione</span> <span class='ocrx_word' id='word_1_248' title='bbox 789 3291 1023 3351; x_wconf 89' lang='lat' dir='ltr'>clarissimorum</span> <span class='ocrx_word' id='word_1_249' title='bbox 1047 3290 1199 3350; x_wconf 88' lang='lat' dir='ltr'>literarum</span> <span class='ocrx_word' id='word_1_250' title='bbox 1223 3291 1372 3350; x_wconf 91' lang='lat' dir='ltr'>luminum</span> <span class='ocrx_word' id='word_1_251' title='bbox 1391 3293 1434 3351; x_wconf 93' lang='lat' dir='ltr'>in·</span> 
     </span>
     <span class='ocr_line' id='line_1_29' title="bbox 147 3409 376 3462; baseline -0.013 0"><span class='ocrx_word' id='word_1_252' title='bbox 147 3409 277 3462; x_wconf 90' lang='lat' dir='ltr'>structus</span> <span class='ocrx_word' id='word_1_253' title='bbox 302 3420 376 3460; x_wconf 89' lang='lat' dir='ltr'>esse.</span> 
     </span>
    </p>

    <p class='ocr_par' dir='ltr' id='par_1_8' title="bbox 148 3504 1433 4015">
     <span class='ocr_line' id='line_1_30' title="bbox 255 3504 1433 3585; baseline 0 -19"><span class='ocrx_word' id='word_1_254' title='bbox 255 3508 351 3585; x_wconf 82' lang='lat' dir='ltr'>Atque</span> <span class='ocrx_word' id='word_1_255' title='bbox 376 3507 505 3584; x_wconf 91' lang='lat' dir='ltr'>primurn</span> <span class='ocrx_word' id='word_1_256' title='bbox 530 3507 647 3584; x_wconf 86' lang='lat' dir='ltr'>quidem</span> <span class='ocrx_word' id='word_1_257' title='bbox 664 3508 907 3585; x_wconf 87' lang='lat' dir='ltr'>Theopompo</span> <span class='ocrx_word' id='word_1_258' title='bbox 932 3505 998 3564; x_wconf 90' lang='lat' dir='ltr'>aliis</span> <span class='ocrx_word' id='word_1_259' title='bbox 1023 3504 1052 3563; x_wconf 90' lang='lat' dir='ltr'>iu</span> <span class='ocrx_word' id='word_1_260' title='bbox 1077 3504 1141 3563; x_wconf 85' lang='lat' dir='ltr'>vitis</span> <span class='ocrx_word' id='word_1_261' title='bbox 1167 3506 1313 3581; x_wconf 85' lang='lat' dir='ltr'>permulta</span> <span class='ocrx_word' id='word_1_262' title='bbox 1333 3507 1433 3567; x_wconf 88' lang='lat' dir='ltr'>debet.</span> 
     </span>
     <span class='ocr_line' id='line_1_31' title="bbox 149 3600 1433 3692; baseline -0.002 -17"><span class='ocrx_word' id='word_1_263' title='bbox 149 3615 246 3689; x_wconf 81' lang='lat' dir='ltr'>Quid?</span> <span class='ocrx_word' id='word_1_264' title='bbox 271 3635 377 3674; x_wconf 90' lang='lat' dir='ltr'>eumne</span> <span class='ocrx_word' id='word_1_265' title='bbox 400 3615 591 3692; x_wconf 86' lang='lat' dir='ltr'>potissimum</span> <span class='ocrx_word' id='word_1_266' title='bbox 615 3600 746 3675; x_wconf 81' lang='lat' dir='ltr'>excussit</span> <span class='ocrx_word' id='word_1_267' title='bbox 763 3613 947 3690; x_wconf 88' lang='lat' dir='ltr'>scriptorem,</span> <span class='ocrx_word' id='word_1_268' title='bbox 973 3632 1059 3688; x_wconf 83' lang='lat' dir='ltr'>qtrem</span> <span class='ocrx_word' id='word_1_269' title='bbox 1079 3619 1197 3688; x_wconf 89' lang='lat' dir='ltr'>propter</span> <span class='ocrx_word' id='word_1_270' title='bbox 1214 3612 1433 3688; x_wconf 86' lang='lat' dir='ltr'>malignitatem</span> 
     </span>
     <span class='ocr_line' id='line_1_32' title="bbox 148 3720 1430 3799; baseline -0.001 -17"><span class='ocrx_word' id='word_1_271' title='bbox 148 3743 208 3782; x_wconf 92' lang='lat' dir='ltr'>non</span> <span class='ocrx_word' id='word_1_272' title='bbox 232 3724 322 3783; x_wconf 90' lang='lat' dir='ltr'>semel</span> <span class='ocrx_word' id='word_1_273' title='bbox 348 3743 447 3781; x_wconf 88' lang='lat' dir='ltr'>severe</span> <span class='ocrx_word' id='word_1_274' title='bbox 470 3722 674 3799; x_wconf 85' lang='lat' dir='ltr'>reprehendit?</span> <span class='ocrx_word' id='word_1_275' title='bbox 699 3724 735 3781; x_wconf 84' lang='lat' dir='ltr'>ef.</span> <span class='ocrx_word' id='word_1_276' title='bbox 761 3720 888 3797; x_wconf 88' lang='lat' dir='ltr'>exempli</span> <span class='ocrx_word' id='word_1_277' title='bbox 914 3739 1004 3779; x_wconf 87' lang='lat' dir='ltr'>causa</span> <span class='ocrx_word' id='word_1_278' title='bbox 1028 3720 1095 3795; x_wconf 87' lang='lat' dir='ltr'>Lys,</span> <span class='ocrx_word' id='word_1_279' title='bbox 1121 3739 1145 3777; x_wconf 92' lang='lat' dir='ltr'>c.</span> <span class='ocrx_word' id='word_1_280' title='bbox 1170 3722 1221 3792; x_wconf 87' lang='lat'>30,</span> <span class='ocrx_word' id='word_1_281' title='bbox 1246 3721 1281 3778; x_wconf 92' lang='lat' dir='ltr'>de</span> <span class='ocrx_word' id='word_1_282' title='bbox 1305 3720 1430 3796; x_wconf 87' lang='lat' dir='ltr'>nralign.</span> 
     </span>
     <span class='ocr_line' id='line_1_33' title="bbox 148 3826 1432 3907; baseline 0 -18"><span class='ocrx_word' id='word_1_283' title='bbox 148 3830 257 3890; x_wconf 91' lang='lat' dir='ltr'>Herod.</span> <span class='ocrx_word' id='word_1_284' title='bbox 277 3851 302 3907; x_wconf 89' lang='lat' dir='ltr'>p.</span> <span class='ocrx_word' id='word_1_285' title='bbox 323 3833 415 3902; x_wconf 85' lang='lat' dir='ltr'>855a,</span> <span class='ocrx_word' id='word_1_286' title='bbox 442 3850 569 3906; x_wconf 81' lang='lat' dir='ltr'>quocum</span> <span class='ocrx_word' id='word_1_287' title='bbox 595 3836 622 3887; x_wconf 91' lang='lat' dir='ltr'>et</span> <span class='ocrx_word' id='word_1_288' title='bbox 646 3849 721 3905; x_wconf 87' lang='lat' dir='ltr'>quae</span> <span class='ocrx_word' id='word_1_289' title='bbox 737 3828 856 3904; x_wconf 80' lang='lat' dir='ltr'>Dionys.</span> <span class='ocrx_word' id='word_1_290' title='bbox 875 3826 969 3885; x_wconf 92' lang='lat' dir='ltr'>Halic.</span> <span class='ocrx_word' id='word_1_291' title='bbox 991 3827 1027 3884; x_wconf 89' lang='lat' dir='ltr'>de</span> <span class='ocrx_word' id='word_1_292' title='bbox 1052 3835 1105 3885; x_wconf 88' lang='lat' dir='ltr'>vet.</span> <span class='ocrx_word' id='word_1_293' title='bbox 1124 3826 1224 3904; x_wconf 87' lang='lat' dir='ltr'>script.</span> <span class='ocrx_word' id='word_1_294' title='bbox 1248 3847 1326 3886; x_wconf 79' lang='lat' dir='ltr'>cens</span> <span class='ocrx_word' id='word_1_295' title='bbox 1356 3831 1384 3900; x_wconf 84' lang='lat'>3,</span> <span class='ocrx_word' id='word_1_296' title='bbox 1413 3832 1432 3889; x_wconf 83' lang='lat'><strong>3</strong></span> 
     </span>
     <span class='ocr_line' id='line_1_34' title="bbox 150 3933 1320 4015; baseline -0.003 -18"><span class='ocrx_word' id='word_1_297' title='bbox 150 3945 176 3997; x_wconf 89' lang='lat' dir='ltr'>et</span> <span class='ocrx_word' id='word_1_298' title='bbox 201 3939 236 3997; x_wconf 88' lang='lat' dir='ltr'>de</span> <span class='ocrx_word' id='word_1_299' title='bbox 260 3958 392 4015; x_wconf 90' lang='lat' dir='ltr'>compos.</span> <span class='ocrx_word' id='word_1_300' title='bbox 419 3939 496 3997; x_wconf 86' lang='lat' dir='ltr'>verb.</span> <span class='ocrx_word' id='word_1_301' title='bbox 523 3941 542 3996; x_wconf 86' lang='lat'>4</span> <span class='ocrx_word' id='word_1_302' title='bbox 568 3957 595 4014; x_wconf 90' lang='lat' dir='ltr'>p.</span> <span class='ocrx_word' id='word_1_303' title='bbox 622 3939 662 3997; x_wconf 84' lang='lat'>30</span> <span class='ocrx_word' id='word_1_304' title='bbox 687 3937 757 3996; x_wconf 91' lang='lat' dir='ltr'>dicit</span> <span class='ocrx_word' id='word_1_305' title='bbox 782 3944 808 3995; x_wconf 93' lang='lat' dir='ltr'>et</span> <span class='ocrx_word' id='word_1_306' title='bbox 833 3935 960 3995; x_wconf 91' lang='lat' dir='ltr'>aliorum</span> <span class='ocrx_word' id='word_1_307' title='bbox 985 3953 1111 3993; x_wconf 89' lang='lat' dir='ltr'>censura</span> <span class='ocrx_word' id='word_1_308' title='bbox 1135 3933 1320 3994; x_wconf 91' lang='lat' dir='ltr'>conveniunt.</span> 
     </span>
    </p>

    <p class='ocr_par' dir='ltr' id='par_1_9' title="bbox 149 4040 1433 4552">
     <span class='ocr_line' id='line_1_35' title="bbox 257 4040 1433 4121; baseline -0.003 -17"><span class='ocrx_word' id='word_1_309' title='bbox 257 4045 296 4104; x_wconf 79' lang='lat' dir='ltr'>At</span> <span class='ocrx_word' id='word_1_310' title='bbox 311 4045 399 4117; x_wconf 83' lang='lat' dir='ltr'>Plut,</span> <span class='ocrx_word' id='word_1_311' title='bbox 425 4044 592 4120; x_wconf 89' lang='lat' dir='ltr'>ubicunque</span> <span class='ocrx_word' id='word_1_312' title='bbox 609 4043 672 4121; x_wconf 88' lang='lat' dir='ltr'>ipse</span> <span class='ocrx_word' id='word_1_313' title='bbox 689 4043 809 4121; x_wconf 92' lang='lat' dir='ltr'>propria</span> <span class='ocrx_word' id='word_1_314' title='bbox 832 4061 930 4101; x_wconf 92' lang='lat' dir='ltr'>rerum</span> <span class='ocrx_word' id='word_1_315' title='bbox 955 4040 1178 4116; x_wconf 82' lang='lat' dir='ltr'>investigatione</span> <span class='ocrx_word' id='word_1_316' title='bbox 1202 4040 1308 4099; x_wconf 92' lang='lat' dir='ltr'>iudicio</span> <span class='ocrx_word' id='word_1_317' title='bbox 1332 4044 1433 4102; x_wconf 88' lang='lat' dir='ltr'>valere</span> 
     </span>
     <span class='ocr_line' id='line_1_36' title="bbox 150 4148 1433 4228; baseline -0.002 -17"><span class='ocrx_word' id='word_1_318' title='bbox 150 4173 180 4212; x_wconf 90' lang='lat' dir='ltr'>se</span> <span class='ocrx_word' id='word_1_319' title='bbox 193 4152 272 4224; x_wconf 88' lang='lat' dir='ltr'>vidit,</span> <span class='ocrx_word' id='word_1_320' title='bbox 286 4152 350 4228; x_wconf 88' lang='lat' dir='ltr'>ipse</span> <span class='ocrx_word' id='word_1_321' title='bbox 363 4172 438 4228; x_wconf 88' lang='lat' dir='ltr'>quac</span> <span class='ocrx_word' id='word_1_322' title='bbox 451 4173 468 4211; x_wconf 90' lang='lat' dir='ltr'>a</span> <span class='ocrx_word' id='word_1_323' title='bbox 480 4170 548 4210; x_wconf 88' lang='lat' dir='ltr'>vero</span> <span class='ocrx_word' id='word_1_324' title='bbox 560 4152 718 4210; x_wconf 87' lang='lat' dir='ltr'>abhorrere</span> <span class='ocrx_word' id='word_1_325' title='bbox 732 4151 785 4210; x_wconf 90' lang='lat' dir='ltr'>sibi</span> <span class='ocrx_word' id='word_1_326' title='bbox 798 4151 964 4209; x_wconf 89' lang='lat' dir='ltr'>viderentur</span> <span class='ocrx_word' id='word_1_327' title='bbox 976 4155 1026 4208; x_wconf 92' lang='lat' dir='ltr'>aut</span> <span class='ocrx_word' id='word_1_328' title='bbox 1037 4148 1200 4224; x_wconf 86' lang='lat' dir='ltr'>repudiavit</span> <span class='ocrx_word' id='word_1_329' title='bbox 1214 4155 1264 4206; x_wconf 90' lang='lat' dir='ltr'>aut</span> <span class='ocrx_word' id='word_1_330' title='bbox 1275 4155 1433 4224; x_wconf 81' lang='lat' dir='ltr'>tamquam</span> 
     </span>
     <span class='ocr_line' id='line_1_37' title="bbox 149 4254 1432 4333; baseline -0.002 -15"><span class='ocrx_word' id='word_1_331' title='bbox 149 4260 185 4318; x_wconf 90' lang='lat' dir='ltr'>ad</span> <span class='ocrx_word' id='word_1_332' title='bbox 210 4260 367 4317; x_wconf 87' lang='lat' dir='ltr'>obrussam</span> <span class='ocrx_word' id='word_1_333' title='bbox 392 4258 500 4332; x_wconf 82' lang='lat' dir='ltr'>exegit;</span> <span class='ocrx_word' id='word_1_334' title='bbox 526 4257 596 4333; x_wconf 75' lang='lat' dir='ltr'>(pun</span> <span class='ocrx_word' id='word_1_335' title='bbox 621 4257 709 4316; x_wconf 90' lang='lat' dir='ltr'>etiam</span> <span class='ocrx_word' id='word_1_336' title='bbox 732 4257 789 4315; x_wconf 90' lang='lat' dir='ltr'>hoc</span> <span class='ocrx_word' id='word_1_337' title='bbox 813 4257 900 4314; x_wconf 90' lang='lat' dir='ltr'>modo</span> <span class='ocrx_word' id='word_1_338' title='bbox 918 4255 1132 4315; x_wconf 89' lang='lat' dir='ltr'>accuratiorem</span> <span class='ocrx_word' id='word_1_339' title='bbox 1150 4254 1309 4330; x_wconf 90' lang='lat' dir='ltr'>imaginem</span> <span class='ocrx_word' id='word_1_340' title='bbox 1325 4275 1432 4315; x_wconf 88' lang='lat' dir='ltr'>eorum</span> 
     </span>
     <span class='ocr_line' id='line_1_38' title="bbox 150 4361 1433 4442; baseline -0.002 -17"><span class='ocrx_word' id='word_1_341' title='bbox 150 4385 224 4442; x_wconf 66' lang='lat' dir='ltr'>(tuos</span> <span class='ocrx_word' id='word_1_342' title='bbox 242 4366 406 4423; x_wconf 86' lang='lat' dir='ltr'>celebrabat</span> <span class='ocrx_word' id='word_1_343' title='bbox 425 4386 456 4423; x_wconf 91' lang='lat' dir='ltr'>se</span> <span class='ocrx_word' id='word_1_344' title='bbox 472 4363 640 4423; x_wconf 89' lang='lat' dir='ltr'>habitururn</span> <span class='ocrx_word' id='word_1_345' title='bbox 659 4364 795 4440; x_wconf 86' lang='lat' dir='ltr'>speravit.</span> <span class='ocrx_word' id='word_1_346' title='bbox 832 4364 988 4422; x_wconf 88' lang='lat' dir='ltr'>Praeterea</span> <span class='ocrx_word' id='word_1_347' title='bbox 1004 4381 1047 4435; x_wconf 91' lang='lat' dir='ltr'>eo,</span> <span class='ocrx_word' id='word_1_348' title='bbox 1066 4363 1144 4439; x_wconf 86' lang='lat' dir='ltr'>quod</span> <span class='ocrx_word' id='word_1_349' title='bbox 1160 4361 1207 4420; x_wconf 93' lang='lat' dir='ltr'>hic</span> <span class='ocrx_word' id='word_1_350' title='bbox 1220 4363 1433 4423; x_wconf 64' lang='lat' dir='ltr'>Det‘nosthenis</span> 
     </span>
     <span class='ocr_line' id='line_1_39' title="bbox 151 4469 1432 4552; baseline -0.001 -20"><span class='ocrx_word' id='word_1_351' title='bbox 151 4470 282 4551; x_wconf 83' lang='lat' dir='ltr'>aequalis</span> <span class='ocrx_word' id='word_1_352' title='bbox 307 4479 334 4532; x_wconf 87' lang='lat' dir='ltr'>ct</span> <span class='ocrx_word' id='word_1_353' title='bbox 359 4471 475 4549; x_wconf 88' lang='lat' dir='ltr'>ingenio</span> <span class='ocrx_word' id='word_1_354' title='bbox 501 4491 570 4551; x_wconf 88' lang='lat' dir='ltr'>prae</span> <span class='ocrx_word' id='word_1_355' title='bbox 586 4470 724 4533; x_wconf 86' lang='lat' dir='ltr'>onmibus</span> <span class='ocrx_word' id='word_1_356' title='bbox 741 4470 866 4550; x_wconf 86' lang='lat' dir='ltr'>insignis</span> <span class='ocrx_word' id='word_1_357' title='bbox 884 4469 945 4547; x_wconf 84' lang='lat' dir='ltr'>luit,</span> <span class='ocrx_word' id='word_1_358' title='bbox 971 4470 1047 4528; x_wconf 87' lang='lat' dir='ltr'>Plut.</span> <span class='ocrx_word' id='word_1_359' title='bbox 1065 4471 1207 4552; x_wconf 90' lang='lat' dir='ltr'>pellectus</span> <span class='ocrx_word' id='word_1_360' title='bbox 1224 4488 1290 4533; x_wconf 86' lang='lat' dir='ltr'>esse</span> <span class='ocrx_word' id='word_1_361' title='bbox 1306 4469 1432 4552; x_wconf 80' lang='lat' dir='ltr'>videtur,</span> 
     </span>
    </p>
   </div>
   <div class='ocr_carea' id='block_1_3' title="bbox 0 0 1592 5182">
    <p class='ocr_par' dir='ltr' id='par_1_10' title="bbox 0 0 1592 5182">
     <span class='ocr_line' id='line_1_40' title="bbox 0 0 1592 5182; baseline 0 0"><span class='ocrx_word' id='word_1_362' title='bbox 0 0 1592 5182; x_wconf 95' lang='lat' dir='ltr'> </span> 
     </span>
    </p>
   </div>
  </div>
 </body>
</html>
