3164 5182
687 362 903 430 ...51-

149 551 203 630 qui
228 549 390 610 secundum
407 549 475 612 Ath.
495 553 512 609 6
539 571 565 626 p.
585 551 687 610 245F
710 551 844 624 (Mueller
861 549 893 609 tr.
916 548 944 608 h.
970 547 1018 607 Gr.
1036 546 1061 606 ll
1078 545 1165 617 466),
1189 545 1220 605 in
1242 545 1318 605 libro
1341 533 1431 601 'Ano-

148 655 310 742 φθὲγματα
334 657 476 734 inscripto
501 659 723 735 maximamque
747 666 861 735 partem
884 658 920 716 ad
945 655 1107 715 convivalia
1132 654 1294 731 pertinente
1310 653 1373 712 eius
1389 651 1430 711 rei

150 767 334 826 mentionem
357 768 474 838 lecerat,
500 767 529 826 in
553 767 676 843 stirpem
700 767 845 826 transisse
867 765 989 824 videtur.
1321 764 1323 769 ⁴

259 892 325 950 Alia
349 911 395 949 res
420 911 492 950 sane
515 911 575 951 non
598 893 752 951 minimam
776 898 873 950 movet
896 889 1094 950 mirationem.
1142 886 1226 958 Quod
1249 884 1329 944 enim
1352 885 1428 944 Plut.

149 1020 177 1059 c.
199 1003 236 1060 25
256 1021 279 1059 s.
297 1020 336 1062 m.
356 1001 459 1059 tradit:
485 997 538 1056 καὶ
561 991 630 1079 μεθ’
652 991 765 1080 ἡμέραν
794 1032 827 1039 -
855 995 902 1055 τὸν
925 992 1102 1077 δημαγωγόν
1123 1027 1156 1035 -
1177 1016 1195 1054 a
1218 993 1312 1053 Gellio
1335 995 1384 1066 11,
1411 995 1429 1052 9

148 1104 274 1167 Critolai
292 1107 473 1184 peripatetici
489 1109 663 1168 auctoritate
679 1110 752 1167 freto
767 1127 826 1166 non
838 1108 874 1166 de
886 1124 977 1164 causa
990 1103 1159 1179 Harpalica,
1174 1102 1224 1161 sed
1237 1099 1431 1176 delegatione

148 1216 281 1291 quadarn
304 1215 433 1286 Milesia,
463 1235 538 1291 quae
563 1215 663 1275 auxilii
689 1214 806 1292 petendi
829 1234 920 1275 causa
943 1212 1075 1272 Athenas
1100 1211 1241 1283 venisset,
1272 1207 1432 1301 memoriae

150 1322 297 1400 proditur:

258 1439 480 1507 ‘Demosthenes
505 1448 584 1507 enim
607 1467 675 1506 curn
700 1447 794 1524 primo
818 1446 1000 1505 Milesiorum
1016 1446 1173 1522 postulatis
1189 1445 1295 1505 acriter
1310 1464 1431 1520 respon·

148 1557 254 1628 disset,
278 1576 374 1631 neque
389 1555 519 1614 Milesios
543 1555 648 1630 dignos
672 1574 767 1630 neque
791 1573 826 1613 ex
851 1553 1002 1629 republica
1026 1552 1054 1611 id
1079 1572 1146 1612 esse
1165 1552 1375 1623 contendisset,
1391 1533 1431 1610 're

148 1664 182 1723 in
199 1670 350 1739 posterum
361 1662 438 1722 diem
452 1664 567 1738 prolata
579 1662 690 1721 interea
704 1662 829 1738 pecunia
841 1671 1013 1736 corruptum
1028 1661 1177 1737 postridie,
1195 1680 1264 1721 cum
1276 1679 1323 1720 res
1335 1661 1431 1719 denuo

149 1770 198 1845 agi
215 1777 319 1846 coepta
335 1777 422 1843 esset,
448 1771 516 1829 lana
532 1771 626 1830 multa
642 1770 752 1828 collum
768 1769 955 1844 cervicesque
971 1768 1215 1828 circumvolutum
1231 1770 1268 1828 ad
1287 1768 1429 1845 populum

150 1877 286 1954 prodisse
309 1885 337 1938 et
357 1878 468 1938 dixisse
491 1898 524 1936 se
548 1878 718 1953 synanchen
743 1877 812 1954 pati,
837 1897 870 1936 eo
892 1885 995 1936 contra
1011 1876 1141 1936 Milesios
1164 1877 1244 1952 loqui
1261 1896 1320 1935 non
1337 1875 1428 1953 quire.

149 1985 230 2045 Turn
254 2006 269 2044 e
294 1987 402 2062 populo
426 2005 520 2045 unum
543 1986 728 2046 'exclamasse
752 2005 811 2045 non
835 1974 1044 2061 ‘synanchen’‚'.
1061 1986 1139 2061 quod
1162 1984 1245 2043 Dem.
1262 1979 1429 2060 pateretur,

150 2094 204 2151 sed
227 2082 447 2167 ‘argyranchen'
469 2082 553 2152 esse’.

260 2217 414 2290 Quomodo
438 2226 520 2278 tanta
543 2218 698 2278 diversitas
723 2218 899 2294 explicanda
914 2222 978 2276 est?
1012 2216 1155 2292 Equidem
1170 2217 1242 2276 nihil
1267 2202 1429 2290 contend03

151 2343 248 2400 neque
271 2344 338 2384 vero
363 2326 497 2385 omittere
522 2345 644 2402 possum
675 2327 749 2385 alios
780 2344 898 2401 quoque
928 2324 1006 2383 viros
1031 2320 1163 2396 doctos¹)
1187 2307 1430 2386 animadvertisse

150 2432 344 2492 Plutarchum
366 2432 458 2491 libero
483 2432 603 2492 arbitrio
626 2432 774 2492 interdum
798 2452 844 2490 res
868 2431 1090 2508 transposuisse
1114 2432 1174 2491 sive
1187 2433 1359 2508 complures
1383 2452 1430 2492 res

151 2540 182 2599 in
206 2559 296 2598 unam
320 2538 478 2625 imaginem
496 2540 692 2610 contexuisse,
717 2558 776 2615 quo
793 2539 887 2614 magis
904 2540 941 2599 ad
957 2538 1073 2599 animos
1089 2540 1279 2601 delectandos
1296 2541 1431 2600 efficaces

151 2654 261 2718 essent,
287 2646 439 2706 conscium
457 2647 522 2718 sibi,
540 2653 572 2706 ut
587 2646 660 2705 mihi
675 2647 797 2718 videtur,
816 2646 904 2718 iltius,
923 2646 1001 2722 quod
1018 2654 1120 2706 auctor
1136 2647 1318 2708 adHerenn.
1337 2648 1372 2706 lll
1390 2651 1430 2708 23

151 2752 269 2811 statuit:
294 2743 432 2812 ‘narratio
457 2761 501 2812 est
525 2772 624 2813 rerum
649 2760 800 2828 gestarum
823 2761 874 2812 aut
898 2753 1020 2829 proinde
1043 2761 1075 2813 ut
1098 2762 1249 2829 gestarum
1265 2746 1429 2832 expositio’.

258 2859 391 2935 Denique
414 2862 449 2919 de
472 2862 538 2919 loco
562 2881 597 2920 ex
615 2859 847 2936 Theopompo
864 2861 952 2920 allato
970 2861 1007 2932 (c.
1027 2864 1066 2921 25
1085 2861 1172 2934 extr.)
1190 2853 1284 2939 pauca
1307 2864 1431 2924 dicenda

151 2974 235 3043 snnt;
260 2986 348 3043 quern
372 2975 404 3026 ut
428 2976 507 3027 recte
530 2969 756 3043 interpretemur
780 2969 815 3027 ad
840 2988 865 3027 c.
892 2970 932 3028 14
956 2969 1138 3028 redeundum
1162 2976 1216 3032 est.

259 3074 371 3134 Etenim
397 3095 463 3134 cum
481 3074 693 3151 Theopompus
717 3074 871 3134 historiam
892 3094 950 3136 non
968 3076 1045 3135 ultra
1061 3096 1171 3135 annum
1190 3079 1251 3136 336
1269 3077 1430 3149 deduxerit,

151 3201 247 3256 neque
270 3182 363 3240 ullmn
389 3182 528 3241 indicium
553 3189 647 3241 exstet
671 3201 737 3240 eum
763 3182 932 3256 siugulatim
957 3184 993 3241 de
1008 3182 1131 3259 Harpali
1153 3184 1241 3241 rebus
1258 3184 1433 3259 exposuisse

157 3322 190 3329 --
219 3310 286 3348 nam
313 3297 427 3366 praeter
451 3290 585 3349 notitiam
610 3286 725 3369 ζήτησιν
749 3279 895 3346 ἐποιοῦντο
918 3286 1089 3369 νεανικὴν
1112 3306 1140 3346 a.
1164 3307 1186 3345 τ.
1210 3283 1237 3345 λ.
1266 3290 1337 3348 nihil
1369 3291 1432 3349 eius

153 3396 320 3455 auctoritati
336 3397 475 3455 vindicari
494 3404 590 3473 potest
611 3429 658 3466 -,
684 3404 915 3456 consentaneum
938 3406 984 3456 est
1008 3417 1076 3456 erim
1097 3397 1195 3472 aliquo
1216 3398 1280 3455 loco
1293 3397 1432 3458 historiae

153 3503 345 3581 aliquantum,
372 3512 401 3562 ut
428 3505 551 3574 solebat,
576 3503 742 3578 digressum
759 3524 834 3562 esse.
874 3504 909 3561 m
926 3505 1136 3580 comprobatur
1151 3502 1223 3562 haec
1241 3503 1371 3579 suspicio
1388 3523 1431 3575 eo,

153 3610 231 3684 quod
242 3629 266 3669 c.
283 3612 321 3670 14
335 3619 407 3669 extr.
420 3612 563 3684 legimus:
581 3610 811 3669 Demosthenem
828 3631 1014 3686 nequaquam
1032 3616 1185 3669 curantem
1202 3609 1432 3682 indignationem

153 3716 247 3791 plebis
272 3717 484 3793 Antiphontem
508 3740 525 3776 a
548 3717 657 3793 populo
682 3718 850 3776 absolutum
874 3717 903 3776 in
928 3717 1116 3793 Areopagum
1141 3716 1331 3792 pertraxisse.

259 3823 425 3884 Verisimile
441 3825 519 3883 enirn
530 3830 572 3883 est
587 3825 816 3900 Theopompum
832 3825 881 3883 illo
898 3825 963 3883 loco
981 3824 1153 3884 memoriam
1171 3825 1309 3899 autiquae
1325 3824 1432 3883 civium

153 3930 376 3990 Atheniensium
402 3931 545 3990 libertatis
569 3950 737 4001 revocasse,
773 3951 863 4006 quam
888 3932 1039 3990 rarissime
1064 3931 1130 4006 quis
1153 3931 1286 3990 inaudita
1310 3931 1433 3991 audacia

153 4037 323 4111 sprevisset,
348 4039 426 4097 velut
442 4038 665 4108 Demosthenes,
691 4057 757 4095 curn
783 4037 996 4114 Antiphontem
1019 4058 1104 4098 reum
1127 4038 1191 4116 ipse
1214 4039 1378 4110 deduceret,
1405 4045 1432 4097 et

153 4145 359 4220 magistratus
392 4162 458 4202 cum
488 4143 593 4202 timore
616 4142 776 4202 Alexandri
807 4144 968 4218 perturbati
992 4151 1141 4205 oratorum
1165 4145 1271 4203 donrus
1296 4143 1433 4220 pervesti-

153 4256 274 4321 parent?

261 4437 281 4504 ¹)
302 4441 330 4493 B.
351 4441 640 4502 Brtchsenschdtz,
665 4443 833 4509 Xenophons
853 4443 992 4496 Hellenilra
1012 4461 1037 4498 u.
1056 4443 1225 4507 PlutarchoS,
1249 4441 1279 4495 N.
1299 4442 1393 4495 Jahrb.
1414 4442 1432 4496 f.

154 4528 250 4584 Philol.
268 4528 333 4582 1871
349 4545 375 4598 p.
389 4530 449 4594 237,
465 4531 524 4596 254,
538 4530 687 4585 261--264,
717 4530 852 4599 (1163011,
866 4533 935 4586 Plut.
949 4550 974 4586 u.
988 4532 1059 4596 Tac,
1074 4530 1164 4586 Berlin
1181 4532 1248 4584 1870
1263 4548 1287 4598 p.
1302 4529 1336 4581 38
1349 4534 1376 4585 et
1389 4530 1432 4584 50.

1221 4621 1251 4673 4*
