3164 5182
689 347 901 414 ..39-

437 531 476 591 C:

199 640 226 700 1.
251 631 382 694 ἔπειτα
407 635 572 715 πρεσβείων
587 654 615 694 κ.
632 633 767 714 διαλεγό-

148 761 237 825 μενος
273 748 333 810 τοῖς
366 736 496 825 ·’Ἰ<]λλησι
534 761 562 802 κ.
600 741 768 824 παροξίνων

148 852 304 932 συνέστησε
332 847 410 931 πλὴν
438 842 543 927 ὀλίγων
567 846 698 919 ἅπαντας
722 845 767 909 ἐπὶ

147 957 200 1016 τὸν
222 951 271 1031 Φ,

198 1088 226 1144 2,
251 1076 325 1140 ὥστε
353 1079 480 1150 συνταξιν
510 1081 647 1159 γενέσθαι
676 1084 768 1152 πεζῶν

149 1191 204 1271 μὲν
220 1190 328 1271 μυρίων
343 1207 371 1248 κ.
387 1186 635 1271 πεντακισχιλίων,
659 1183 767 1248 ἱππέων

149 1294 183 1356 δὲ
196 1293 342 1379 δισχιλίων
355 1293 423 1356 ’άνευ
441 1305 496 1356 τῶν
510 1294 663 1356 πολιτικῶν
679 1294 767 1356 δυνά-

148 1422 237 1486 μεων,

198 1535 226 1591 3.
251 1531 394 1611 χρηματα
428 1527 460 1588 δε
489 1549 517 1588 κ.
549 1528 679 1611 μισθους
709 1535 767 1597 τοῖς

148 1635 240 1707 ξένοις
263 1630 447 1720 είςγέρεσθαι
469 1636 641 1718 προθδμως.

198 1769 228 1828 4,
260 1756 447 1845 Ἐπηρμένης
477 1758 509 1819 δὲ
538 1770 591 1846 της
621 1756 767 1831 Ἑλλάδος

151 1871 227 1951 πρὸς
249 1870 280 1928 τὸ
298 1867 407 1951 μέλλον
422 1887 449 1928 κ.
467 1871 678 1952 συνισταμένων
701 1863 767 1929 κατ’

867 642 893 698 l.
907 628 1038 716 οὐδαμοῖ)
1046 627 1172 701 πώποθ’,
1181 627 1247 695 ὅποι
1254 631 1432 714 πρεσβευτὴς

817 739 973 826 ἐπέμφθην
1007 735 1055 825 tp*
1084 733 1163 822 υμῶν
1193 735 1259 819 ἐγώ,
1296 736 1434 826 ἡττηθείς

817 847 965 934 άπηλθον.
1003 853 1086 911 Deru.
1115 853 1163 924 18,
1191 853 1263 911 244.

864 1089 892 1145 2.
900 1075 991 1165 -drp'
1001 1075 1040 1140 ῶν
1051 1078 1145 1161 μίριοι
1155 1080 1207 1160 μὲν
1217 1079 1269 1138 καὶ
1281 1098 1432 1149 πεντακις-

817 1183 907 1272 χίλιοι
930 1186 1011 1258 ξένοι.
1042 1184 1175 1271 δισχίλιοι
1199 1182 1223 1246 δ’
1246 1181 1341 1254 ἱππεῖς
1364 1184 1432 1246 ἄνευ

816 1305 873 1356 τῶν
894 1293 1047 1355 πολιτικῶν
1063 1293 1212 1377 δυνάμεων
1228 1295 1433 1377 συνήχθησαν,

864 1535 892 1591 3.
920 1529 1082 1610 χρημάτων
1112 1525 1144 1586 δέ
1174 1521 1250 1586 ὅσων
1279 1521 1433 1609 ἠδυνήθην

817 1631 875 1714 ἐγὼ
897 1633 1035 1717 πλείστην
1058 1631 1221 1694 συντέλειαν
1244 1628 1369 1718 ἐποίησα

862 1767 892 1823 4.
906 1753 963 1837 ἐγὼ
975 1761 1154 1841 συμμάχους
1169 1760 1222 1841 μὲν
1234 1752 1298 1841 υμῖν
1308 1751 1432 1842 ἐποίησα

818 1861 959 1946 Εὐβοέας.
982 1860 1137 1948 Ἀχαιοθς,
1154 1861 1341 1947 Κορινθίους,
1366 1861 1433 1948 Θη-

150 1972 227 2059 έθνη
257 1994 285 2034 κ.
316 1972 416 2043 πόλεις
441 1970 593 2055 Ιῧυβοιέων,
625 1970 766 2058 Ἀχαιῶν,
817 1973 991 2053 βαίους.
1031 1969 1198 2056 Μεγαρέας,
1238 1968 1433 2043 Λευκαδίους,

151 2079 336 2164 Κορινθίων.
372 2077 548 2163 Μεγαρέων,
581 2078 765 2158 Λευκαδίων,
819 2077 1024 2163 ,Κερκυραίους
1054 2119 1087 2126 —
1115 2086 1198 2146 Dent.
1228 2087 1276 2156 18,
1304 2084 1377 2144 237.

151 2185 347 2272 Κερκυραίων
364 2225 401 2232 -
418 2183 434 2249 δ
451 2192 583 2271 μέγιστος
600 2185 768 2251 ὑπελείπετο

150 2306 193 2378 τῶ
217 2292 294 2381 Δημ.
318 2305 373 2355 τῶν
396 2293 528 2374 αγῶνων,
558 2293 582 2356 Θ
593 2319 612 2381 η
623 2297 639 2377 β
651 2318 670 2357 α
681 2299 690 2356 ί
700 2317 715 2356 ο
726 2317 743 2356 υ
754 2319 769 2366 ς

153 2403 397 2486 προσαγαγέσθαι
419 2411 455 2484 τη
480 2406 645 2488 συμμαχία.

260 2534 302 2590 De
319 2533 421 2591 eadem
439 2552 468 2588 re
485 2552 553 2591 cum
571 2533 758 2608 plebiscitum
769 2554 815 2610 ap.
831 2534 944 2610 Psplut.
962 2534 1046 2593 85lb
1064 2541 1125 2591 tuni
1138 2533 1244 2592 Aesch.
1258 2533 1322 2609 ipse
1336 2536 1364 2604 3,
1381 2536 1431 2605 95,

152 2644 205 2712 97,
225 2642 274 2712 98,
295 2643 355 2699 256
374 2639 431 2698 alia
449 2640 567 2698 tradunt
586 2641 735 2698 sociorum
752 2641 872 2699 nomina
889 2640 1034 2714 (Aesch.
1054 2641 1209 2712 Euboicos
1235 2641 1431 2715 Megarenses

150 2747 298 2818 Achaeos
331 2746 454 2822 posthae
479 2746 710 2822 Peloponnesios
736 2769 839 2807 omnes
864 2756 892 2808 et
915 2748 1087 2808 Acarnanes
1113 2748 1232 2824 insuper
1256 2747 1430 2818 enumerat).

260 2872 361 2948 ltaque
385 2890 451 2929 cum
477 2871 554 2929 Plut.
581 2873 663 2930 solus
688 2893 755 2931 cum
771 2875 971 2933 Demosthene
988 2875 1017 2932 in
1035 2873 1243 2933 enumerandis
1261 2873 1349 2932 sociis
1366 2893 1433 2932 cou-

152 2986 239 3051 gruat
263 2980 448 3054 eundemque
471 2998 538 3036 cum
562 2998 596 3038 eo
614 2981 745 3039 ordinem
762 2981 986 3040 accuratissime
1010 2989 1113 3053 servet,
1140 2981 1290 3042 Thebanis
1307 2989 1431 3051 tantum,

150 3087 192 3159 de
213 3086 320 3160 quibus
345 3086 484 3161 deinceps
508 3086 596 3144 rerba
621 3087 698 3160 facit,
726 3089 753 3146 in
778 3089 835 3146 fine
852 3089 966 3164 positis
992 3089 1101 3148 nemini
1118 3090 1240 3148 dubium
1257 3090 1318 3148 lore
1334 3109 1431 3165 spere,

151 3192 223 3268 ιμιίιι
241 3193 454 3251 Demosthenes
471 3195 630 3253 Plutarcho
653 3203 720 3253 aute
740 3196 842 3253 oculos
868 3195 962 3257 fuerit..
1000 3195 1059 3254 Cur
1076 3195 1235 3254 Thebanos
1255 3215 1290 3254 ex
1309 3215 1432 3254 munero

150 3300 335 3376 reliquarum
359 3303 488 3376 gentium
513 3301 640 3360 exemit?
679 3302 812 3360 Primum
836 3322 871 3360 ex
895 3303 951 3360 hae
968 3301 1100 3359 oratione
1116 3301 1182 3376 ipsa
1198 3301 1356 3360 Thebanos
1373 3323 1433 3361 om-

151 3408 235 3466 nium
252 3417 419 3484 postremos
432 3408 661 3467 Atheniensibus
675 3407 848 3467 conciliatos
861 3428 927 3466 esse
951 3407 1089 3483 perl'acile
1113 3415 1157 3466 est
1178 3408 1305 3482 cognitu,
1330 3410 1433 3467 deinde

150 3516 353 3594 Plutarchum,
372 3517 480 3592 quippe
496 3516 545 3592 qui
562 3516 626 3592 ipse
642 3515 760 3574 natione
771 3516 898 3574 Boeotus
912 3515 1006 3587 fuerit,
1030 3514 1126 3575 studio
1144 3535 1212 3574 cum
1231 3536 1330 3574 rernm
1343 3517 1432 3576 Boco-

152 3622 279 3681 ticarunr
297 3630 359 3680 turn
372 3622 583 3681 'thebanorum
599 3631 752 3698 tamquam
769 3623 1000 3682 domesticarum
1016 3642 1176 3681 accensum
1193 3621 1284 3682 fuisse
1300 3631 1431 3699 apparet,

151 3749 211 3805 qno
236 3731 346 3788 sactum
371 3737 423 3800 est,
449 3737 480 3786 ut
505 3749 607 3788 eorum
630 3749 677 3787 res
703 3729 869 3788 accuratius
893 3729 1075 3788 examinaret
1100 3737 1127 3788 et
1151 3749 1204 3789 sua
1225 3749 1314 3805 quarn
1339 3730 1433 3789 aliena

152 3836 299 3912 sapientia
323 3857 427 3913 sapere
450 3838 561 3896 mallet.

253 3961 319 4033 Sed,
328 3963 513 4038 priusqram,
524 3962 593 4038 quid
601 3962 670 4020 hinc
680 3961 876 4035 colligendum
884 3961 930 4032 sit,
940 3962 1132 4037 explicemus,
1141 3963 1275 4022 convenit
1283 3983 1430 4039 quaerere,

150 4070 229 4128 unde
245 4069 276 4128 in
293 4090 369 4146 cap.
390 4074 427 4131 18
446 4072 523 4132 Plut.
542 4090 595 4128 sua
612 4068 752 4129 hauserit.
789 4069 885 4144 Atque
908 4069 1044 4127 homines
1068 4070 1146 4128 docti
1167 4071 1353 4129 iamdudum
1370 4090 1432 4146 per·

151 4186 313 4252 spexerunt
330 4178 524 4236 Plutarchum
540 4185 675 4254 tempora
692 4175 861 4234 confudisse
878 4175 976 4248 rideri,
1003 4196 1071 4234 cum
1094 4176 1215 4235 diceret:
1242 4165 1275 4232 οὗ
1292 4173 1350 4255 μὴν
1366 4167 1432 4232 ἀλλ’

150 4275 213 4339 ἐπεὶ
234 4274 273 4340 Φ.
290 4273 346 4341 ὑπὸ
370 4291 422 4365 της
445 4281 510 4362 περί
533 4281 583 4363 την
597 4275 770 4365 Ἀμηοισσοιν
786 4272 924 4362 εὐτυχίας
946 4274 1136 4360 ἐπαιρόμενος
1160 4272 1200 4347 είς
1215 4279 1266 4361 τὴν
1282 4275 1432 4339 Ἐλάτειαν

151 4380 289 4472 ἐξαίφνης
313 4383 428 4448 ἐνέπεσε
451 4407 479 4449 κ.
504 4389 555 4470 τὴν
579 4383 707 4447 Φωκίδα
730 4388 881 4468 κατέσχεν.
928 4389 1044 4448 Etenim
1068 4389 1126 4447 iam
1151 4387 1321 4447 Winiewshi
1346 4378 1431 4447 ‘conr-

151 4499 287 4558 mentarii
312 4500 340 4558 in
366 4501 447 4560 Dem.
475 4520 508 4559 or
531 4502 567 4558 dc
591 4488 661 4560 corf
681 4496 852 4557 Mon-asterii
878 4496 1163 4573 leudomalla
1187 4497 1275 4556 inodo
1300 4494 1428 4569 collegit:
