3164 5182
595 355 814 432 -15-

63 543 172 623 quibus
195 562 243 607 res
267 564 417 626 causaque
439 547 570 609 maxime
593 550 767 624 continetur,
799 570 890 627 quarn
913 557 945 610 ut
968 546 1105 628 scriptori
1126 544 1216 610 alicui
1240 569 1275 637 se
1296 545 1344 610 ad·
1375 609 1378 615 ,

59 654 200 731 junxerit,
226 654 277 732 qui
300 655 491 732 potissimum
514 655 619 733 puerili
642 657 831 716 oblectationi
855 657 971 717 serviat.

168 760 327 838 Reliquum
351 770 404 835 est,
429 771 461 823 ut
482 763 599 839 singula
616 766 761 841 quaedam
777 765 992 825 examinemus,
1025 764 1114 824 Duris
1130 765 1255 841 diligens
1271 773 1342 825 tem·

60 888 168 946 porum
192 869 262 941 fuit;
286 868 336 929 ubi
360 870 419 930 tale
443 870 575 930 studium
597 871 629 930 in
651 872 734 932 Dem.
760 871 841 932 vita?

167 976 280 1036 Deinde
300 977 490 1037 temerarium
514 987 559 1038 est
575 978 744 1056 existimare
760 998 847 1039 voces
864 971 1103 1058 ἀριστοκρατικὸν
1118 987 1147 1040 et
1162 973 1342 1038 δοναστῑὺων

60 1082 198 1157 Duridis,
231 1083 282 1160 qui
305 1085 370 1161 ipse
392 1085 586 1145 dominationi
610 1086 798 1162 praepositus
822 1087 908 1147 fuerit
931 1095 960 1147 et
983 1086 1172 1164 optimatium
1194 1086 1342 1164 imprimis

59 1210 151 1268 opera
175 1193 302 1252 adeam
325 1199 502 1269 potestatem
526 1200 643 1252 evectus
667 1193 714 1266 sit,
740 1213 811 1270 prae
835 1214 867 1253 se
890 1194 965 1253 ferre
987 1194 1119 1270 vestigia.
1159 1193 1221 1254 Nos
1245 1195 1341 1254 fontes

59 1289 132 1358 ‘tarn
144 1298 237 1358 mirae
249 1298 400 1358 Plutarchi
409 1291 566 1377 opinionis’
578 1301 752 1374 deteximus,
770 1308 802 1360 ut
812 1301 889 1360 infra
901 1301 1082 1376 docebimus
1100 1303 1178 1361 unde
1190 1300 1342 1378 Roesigeri

59 1405 162 1482 opinio
186 1407 222 1465 ad
246 1405 372 1465 nihilum
395 1406 512 1466 recidet.

166 1513 259 1573 Porro
276 1533 390 1587 omneS,
415 1513 522 1602 quibus
538 1514 627 1574 Duris
643 1515 822 1588 nominatur,
848 1515 905 1575 loci
930 1516 967 1589 (c.
987 1518 1026 1576 19
1044 1490 1099 1576 etc.
1119 1516 1173 1589 23)
1198 1516 1239 1576 ita
1263 1535 1341 1575 com·

59 1620 157 1696 parati
180 1629 257 1693 sunt,
282 1629 314 1680 ut
338 1621 468 1698 suspicio
493 1630 645 1682 moveatur
668 1623 861 1682 Plutarchum
877 1623 1018 1682 Duridem
1040 1624 1167 1683 fortasse
1187 1643 1224 1682 ne
1248 1622 1341 1682 obiter

60 1727 180 1804 quidem
210 1729 247 1787 ad
276 1728 354 1787 hanc
383 1728 474 1788 vitam
506 1730 702 1790 consuluisse.
749 1729 883 1790 Alterum
909 1730 987 1789 enirn
1016 1730 1115 1789 locum
1139 1750 1175 1790 ex
1198 1729 1342 1789 memoria

60 1835 210 1894 addidisse
225 1834 347 1908 videtur,
372 1837 464 1895 altero
484 1837 624 1896 Duridem
648 1856 716 1896 cum
732 1837 887 1897 Idomeneo
912 1838 1104 1897 coniunctum
1120 1839 1217 1910 affert3
1242 1857 1340 1897 nonne

59 1943 128 2002 inde
151 1948 179 2002 et
197 1939 390 2003 idomeneum
413 1964 482 2005 eum
505 1943 676 2004 adhibuisse
699 1945 798 2018 videri,
824 1945 873 2022 qui
897 1965 956 2005 non
980 1965 1100 2005 omnem
1123 1945 1267 2005 rationem
1292 1945 1341 2003 ab·

59 2050 176 2123 iecerit,
206 2051 344 2126 colliget?
390 2051 428 2110 At
459 2071 496 2112 ne
523 2051 679 2112 minimam
703 2053 822 2129 quidem
846 2053 1048 2130 suspicionem
1071 2052 1119 2111 hic
1142 2053 1226 2111 locus
1250 2050 1342 2110 movit

58 2156 233 2232 Roesigerot

165 2265 299 2341 Denique
314 2266 430 2325 nullum
446 2265 649 2325 testimonium
664 2268 709 2326 vel
725 2266 867 2326 indicium
890 2266 987 2327 inveni
1007 2265 1148 2325 Duridem
1169 2273 1230 2325 tarn
1253 2265 1340 2340 longe

57 2373 228 2448 digressum
244 2392 310 2432 esse
327 2380 354 2432 et
370 2381 432 2432 tam
448 2381 585 2433 accurate
600 2375 637 2432 de
648 2374 848 2434 Demosthene
864 2374 1049 2452 exposuisse,
1066 2381 1099 2432 ut
1114 2373 1183 2432 huic
1196 2373 1340 2432 maiorem

57 2499 131 2540 suae
154 2479 294 2539 historiae
318 2487 433 2556 partem
456 2480 576 2540 dicaret.

165 2587 317 2660 Ceterum,
352 2606 410 2663 quo
433 2587 585 2662 Roesigeri
608 2587 812 2648 inconstantia
834 2593 960 2661 notetur,
986 2588 1043 2647 hoc
1067 2606 1183 2664 quoque
1207 2586 1339 2646 animad-

55 2702 195 2758 vertatur.
232 2694 288 2766 Qui
305 2714 373 2754 cum
389 2694 419 2753 in
436 2695 501 2753 aliis
518 2695 584 2754 vitis
602 2714 720 2755 summo
742 2714 832 2772 opere
853 2696 1012 2754 contendat
1027 2694 1170 2754 Duridem
1186 2693 1339 2753 Plutarchi

55 2804 169 2862 fontem
185 2802 359 2879 primarium
375 2821 485 2878 magna
500 2821 536 2862 ex
552 2810 635 2879 parte
651 2803 751 2875 fuisse,
777 2802 847 2861 dicit
862 2822 890 2878 p.
909 2806 950 2864 52
968 2802 1018 2875 (ad
1034 2801 1164 2878 aliquem
1179 2801 1337 2861 Moralium

55 2910 301 2970 Plutarcheorum
313 2909 439 2983 locum):
453 2901 588 2970 ‘fortasse
602 2910 677 2970 Clit
687 2910 839 2969 archum
851 2910 1005 2969 etDuridis
1017 2909 1217 2969 etAristobuli
1228 2929 1337 2968 nomen

53 3018 214 3077 Plutarcho
232 3007 456 3094 suppeditasse,
481 3017 583 3077 iurans
599 3017 630 3076 in
645 3019 734 3077 verba
750 3037 861 3091 eorum,
887 3017 937 3094 qui
949 3016 1046 3090 illam
1062 3016 1337 3076 commodissimam

54 3125 200 3185 rationem
212 3125 373 3184 commenti
385 3133 464 3199 sunt,
478 3145 528 3185 eos
542 3125 732 3201 potissimum
744 3132 904 3201 usurpatos
917 3143 984 3183 esse
996 3123 1165 3200 scriptores
1180 3122 1229 3200 qui
1241 3131 1336 3183 aetate

53 3233 197 3311 postremi
221 3232 354 3293 omnium
377 3241 486 3296 essent.
523 3232 582 3292 Cur
598 3233 726 3310 exempli
742 3252 833 3292 causa
848 3250 909 3292 non
923 3231 1132 3307 Phylarchum,
1149 3229 1233 3289 cuius
1250 3249 1275 3290 c.
1294 3232 1334 3291 27

53 3338 165 3401 mentio
189 3341 230 3414 fit,
255 3341 292 3399 ad
307 3323 516 3400 Demosthenis
538 3339 629 3400 vitam
645 3340 870 3400 describendam
886 3360 903 3399 a
918 3338 1077 3398 Plutarcho
1094 3356 1254 3397 excussum
1270 3356 1336 3396 esse

54 3447 194 3524 opinatus
218 3453 282 3507 est?
311 3447 359 3506 hic
382 3466 449 3506 vere
471 3446 641 3519 historicus
665 3447 713 3505 hic
737 3447 826 3506 etiam
850 3447 945 3521 magis
970 3466 1090 3523 suppar,
1122 3444 1170 3503 hic
1194 3444 1336 3503 Duridem

54 3555 209 3631 diligenter
233 3554 431 3632 exscripsisse
453 3554 576 3613 videtur.
623 3554 669 3627 (G.
693 3554 798 3613 Miiller
821 3532 856 3614 fr.
880 3554 910 3613 h.
932 3554 982 3613 Gr.
1000 3554 1023 3611 ll
1048 3555 1110 3613 471
1136 3552 1336 3628 Phylarchum

53 3682 110 3722 sua
126 3682 162 3722 ex
174 3661 284 3721 Duride
301 3661 468 3738 sumpsisse
485 3661 630 3734 annotat).
666 3661 853 3738 Quamquam
870 3661 1006 3738 equidem
1023 3668 1088 3720 utor
1103 3659 1240 3719 Schoenii
1257 3659 1275 3719 l.
1293 3679 1333 3719 m.

54 3790 85 3848 p.
110 3774 150 3830 55
174 3770 211 3829 de
233 3769 394 3829 Alexandri
418 3769 492 3829 vitae
515 3769 709 3829 Plutarcheae
732 3769 862 3828 fontibus
886 3768 975 3842 brevi,
1001 3769 1052 3827 sed
1076 3775 1107 3826 ut
1130 3767 1243 3826 videtur
1266 3786 1335 3827 vera

54 3877 322 3953 argumentatione:
336 3868 466 3936 ‘omnino
477 3896 537 3936 non
548 3863 700 3954 probabile
710 3896 777 3935 esse
787 3876 981 3935 Plutarchum
990 3876 1021 3934 in
1033 3874 1335 3950 scriptorumdelectn

55 3985 117 4045 sive
133 4005 204 4044 casu
221 3985 282 4044 sive
297 3983 421 4043 consilio
439 4004 471 4043 se
486 3984 563 4044 intra
578 3985 655 4043 hanc
672 3983 803 4057 (Duridis
828 3990 856 4042 et
879 3983 958 4054 lstri)
983 3989 1109 4042 aetatem
1133 3971 1333 4044 continuisse’.

161 4092 638 4168 Hic'subsistendumputo,neque
647 4090 796 4166 deinceps
808 4090 888 4162 dum,
901 4090 1009 4166 quibus
1019 4089 1147 4166 quidque
1157 4089 1334 4148 Plutarchus

54 4200 168 4272 debeat,
193 4218 320 4276 expono,
344 4199 402 4258 nisi
425 4199 455 4258 in
471 4207 654 4266 transcursu,
670 4197 851 4256 mentionem
867 4196 975 4255 faciam
990 4195 1173 4273 reliquorum
1190 4215 1333 4270 errorum,

54 4306 163 4384 quibus
187 4306 236 4366 ille
259 4307 343 4366 falsis
366 4306 531 4366 rationibus
555 4307 662 4364 ductus
685 4304 855 4383 implicatus
879 4310 934 4364 est.
960 4332 1000 4344 ·-
