3164 5182
593 358 812 426 ...37-

54 547 196 609 laudatus
213 565 309 622 neque
325 547 466 605 adversus
482 546 666 622 corruptelas
682 566 840 606 munerum
853 545 925 607 satis
938 545 1068 622 undique
1079 544 1211 607 munitus
1224 528 1337 620 fuisset,

52 653 245 731 vituperavit;
259 660 361 712 contra
371 652 460 712 vitam
468 653 611 729 privatam
622 654 701 719 omni
710 653 1032 726 labecarcreaffirrnat3
1044 654 1179 731 inprimis
1192 655 1339 716 laudabile

55 781 135 835 esse,
152 763 231 838 quod
247 745 443 820 multitudinis
461 761 671 837 cupiditatibus
687 781 747 820 non
764 762 912 821 cessisset.
944 761 1056 821 Deinde
1072 761 1227 820 Theoridis
1245 780 1339 821 sacer·

54 869 145 942 dotis,
171 889 261 946 quam
276 869 360 928 Deru.
378 868 451 928 nihil
466 869 575 926 veritus
592 869 621 928 in
638 869 685 928 ius
708 869 881 941 vocavisset,
907 868 1056 928 mentione
1079 868 1168 928 etiarn
1192 869 1286 944 magis
1303 870 1339 929 de

55 978 105 1037 via
129 978 281 1054 depulsus
307 996 382 1052 quas
404 996 511 1035 causas
528 976 681 1050 oravisset,
708 977 841 1054 pluribus
866 976 1022 1053 explicavit
1045 976 1164 1036 nescius
1188 976 1218 1036 ni
1242 978 1337 1050 fallor,

56 1085 181 1145 ubinam
207 1091 310 1160 postea
333 1084 410 1143 hanc
434 1103 495 1142 reru
521 1082 627 1142 melius
651 1085 803 1143 absolvere
827 1092 936 1161 posset.

165 1192 227 1251 lam
250 1211 317 1250 vero
339 1211 364 1253 c.
388 1194 427 1253 16
453 1191 490 1250 ad
514 1191 699 1267 propositum
724 1192 798 1251 redit
821 1212 916 1268 neque
939 1192 1088 1268 deinceps,
1119 1191 1226 1268 quibus
1250 1193 1338 1251 rebus

55 1299 186 1376 publicis
198 1299 350 1358 Demosth.
370 1300 423 1359 sibi
441 1300 522 1359 illam
538 1299 736 1359 immortalem
752 1301 870 1360 laudem
887 1300 1040 1377 pepererit,
1059 1319 1206 1376 exponere
1222 1299 1338 1360 desinit.

55 1407 161 1467 Verbis
179 1405 291 1487 pompat
307 1398 342 1486 ἦν
358 1407 452 1484 ipsius
468 1407 619 1467 Plutarchi
635 1408 757 1483 vestigia
770 1409 957 1485 aperiuntur;
975 1415 1088 1484 spectat
1104 1406 1285 1467 hauddubie
1301 1409 1338 1467 ad

55 1515 267 1576 Demosthenis
284 1524 370 1575 oratt.
387 1515 585 1592 Philippicam
601 1516 644 1586 ll.‚
662 1516 698 1574 de
711 1515 865 1589 Cherson,
883 1516 1010 1593 Philipp.
1028 1515 1089 1587 lll.;
1106 1514 1154 1574 vix
1171 1514 1249 1574 enirn
1265 1513 1338 1575 haec

56 1625 147 1684 verba
171 1625 206 1683 ad
230 1625 313 1683 Dein.
341 1624 390 1695 18,
418 1625 556 1682 20-22
583 1622 737 1699 pertinent.
783 1625 938 1683 Praeterea
961 1643 1016 1683 vox
1040 1617 1278 1688 διακαίοντος
1302 1642 1338 1682 ex

56 1754 83 1796 c.
113 1734 150 1792 18
177 1753 199 1792 s
225 1752 265 1794 m.
292 1723 324 1812 (ἡ
349 1726 381 1787 δὲ
403 1734 453 1787 τοῦ
476 1721 599 1812 ῥήτορος
623 1724 742 1810 δῦναμις
768 1764 806 1772 -
832 1725 1065 1788 διακαίουσα
1087 1727 1139 1810 την
1162 1723 1337 1810 φιλοτιμίαν)

55 1841 182 1917 repetita
197 1842 373 1899 documento
391 1846 436 1898 est
447 1839 608 1898 Plutarcho
627 1841 716 1900 etiam
729 1840 882 1916 sequentia
897 1841 934 1899 ob
949 1841 1051 1898 oculos
1064 1840 1184 1902 versari.
1218 1838 1338 1899 Senten-

55 1949 166 2009 tiarum
190 1948 270 2007 enim
293 1947 492 2006 diversitatem
515 1947 598 2007 video
622 1949 735 2007 nullam
760 1948 875 2042 (contra
897 1947 1016 2023 Roesig.
1042 1968 1071 2024 p.
1097 1948 1161 2020 41).

165 2056 249 2115 Unde
273 2056 385 2131 reliqua
408 2053 496 2114 huius
520 2055 626 2131 capitis
654 2055 762 2115 hausta
793 2056 852 2115 sint
876 2076 1030 2133 quaerens,
1062 2055 1137 2114 inter
1160 2054 1338 2116 Aeschinem

56 2172 86 2223 et
104 2164 332 2240 Theopompum
348 2163 456 2222 dubius
470 2162 588 2226 haereo.
624 2162 710 2236 Nam,
729 2165 807 2240 quod
823 2164 899 2227 Plut.
917 2165 953 2223 de
968 2162 1177 2223 Demosthenis
1194 2164 1339 2238 logatione

56 2272 96 2331 ad
112 2271 284 2348 Philippum
306 2271 403 2344 tradit,
429 2272 466 2330 ab
482 2270 638 2344 Aeschine,
664 2271 714 2348 qui
739 2271 787 2344 (de
803 2272 823 2334 f.
840 2272 918 2347 legat
934 2274 950 2343 ἓ
968 2269 1022 2341 38)
1046 2272 1119 2331 haec
1142 2272 1245 2332 habet:
1271 2267 1339 2329 πολ-

54 2373 144 2444 λάκις
167 2394 224 2456 pou
247 2369 374 2455 τοῦνομα
396 2368 426 2433 ἐν
448 2379 508 2443 τοῖς
523 2371 622 2452 λόγοις
638 2367 812 2457 ὠνομάζετο.
836 2375 909 2457 πρὸς
929 2373 961 2435 δὲ
975 2370 1171 2460 Δημοσθένην
1193 2375 1241 2435 τδν
1264 2369 1339 2435 οὕτω

56 2479 285 2559 καταγελάστως
301 2476 514 2550 ἀπαλλάξαντα
530 2474 590 2541 οὐδ’
606 2475 677 2562 ὑπὲρ
693 2476 757 2551 ἑνὸς
773 2476 878 2564 οἶμαι
894 2479 1038 2566 διελέχθη
1055 2506 1178 2562 prorsus
1191 2486 1339 2546 abhorret.

57 2595 160 2669 ltaque
190 2592 325 2668 quamvis
350 2580 512 2651 Schaefero¹
533 2592 555 2649 ll
582 2594 641 2652 191
675 2594 893 2669 applaudamus
924 2593 1064 2666 monenti,
1101 2613 1137 2652 ne
1161 2592 1339 2652 Aeschinem

57 2700 178 2778 quidem
195 2700 374 2759 confidenter
387 2700 564 2758 contendere
581 2701 688 2758 audere
704 2699 875 2777 Philippum
887 2700 1095 2760 Demosthenis
1116 2700 1204 2760 verba
1220 2700 1340 2760 omnino

57 2827 118 2867 non
142 2806 319 2883 respexisse,
344 2814 444 2865 tamen
467 2812 582 2866 tanturn
605 2806 727 2866 interest
750 2807 827 2866 inter
842 2807 993 2866 Plutarchi
1017 2816 1045 2866 et
1060 2807 1217 2868 Aeschinis
1241 2809 1338 2881 verba,

57 2923 91 2975 ut
115 2934 149 2974 ea
173 2914 305 2973 conferre
328 2933 451 2990 prorsus
475 2933 535 2972 non
558 2913 653 2976 liceat.
693 2915 794 2990 ltaque
817 2922 868 2974 aut
883 2914 1042 2974 Plutarcho
1067 2915 1170 2991 ingens
1195 2917 1340 2992 quaedam

57 3023 177 3083 licentia
200 3020 355 3081 insolitave
371 3019 532 3080 memoriae
555 3020 710 3081 iufirmitas
727 3021 795 3080 vitio
820 3029 865 3081 est
888 3023 985 3081 danda
1009 3030 1059 3082 aut
1084 3023 1210 3098 scriptor
1234 3023 1340 3099 aliquis

58 3128 202 3206 aequalis,
220 3128 269 3206 qui
282 3127 438 3186 Aeschinis
455 3128 643 3188 mendacium
660 3137 836 3202 correxerat,
854 3129 879 3189 ei
896 3129 924 3188 in
942 3129 1080 3190 manibus
1096 3129 1159 3192 fuit.
1197 3129 1252 3202 Qui
1269 3131 1339 3207 quin

57 3237 272 3312 Theopompus
297 3236 391 3308 fuerit,
417 3235 539 3295 dubium
563 3256 622 3295 non
645 3238 707 3296 fore
731 3237 878 3310 existimo,
909 3257 977 3296 cum
1001 3239 1037 3297 ad
1061 3236 1218 3296 Aeschinis
1243 3258 1341 3298 narra·

56 3344 169 3406 tionem
186 3335 235 3419 (de
252 3343 270 3402 l.
288 3345 343 3418 leg.
362 3346 377 3413 ἓ
396 3345 485 3403 1122.
498 3334 595 3400 ἐνεῖναι
619 3338 651 3400 δὲ
673 3337 731 3424 ἤδη
747 3359 775 3401 κ.
791 3339 905 3426 σ’ρόδρα
921 3337 1091 3422 διωρθοῦτο·
1108 3334 1163 3401 ota
1186 3335 1273 3417 εἷπον,
1299 3337 1339 3411 ὡς

55 3445 153 3516 καλὸς
168 3441 201 3506 εί·
218 3447 289 3529 γονὴ
305 3447 360 3527 γὰρ
376 3453 432 3505 τῶν
448 3441 536 3506 ὄντων
552 3441 611 3506 ἐστί
626 3445 791 3511 κάλλιστον,
810 3441 870 3508 οὐδ’
886 3442 926 3517 ὡς
943 3445 1034 3518 δεινὸς
1045 3453 1185 3525 συμπιεῖν·
1203 3457 1341 3527 σπογγιᾶς

54 3554 106 3614 τὸν
121 3549 235 3614 ἔπαινον
251 3547 468 3635 ὑπολαμβάνων
483 3560 581 3613 τοῦτον
596 3547 674 3613 εἶναι.
691 3547 751 3616 οὔδ’
767 3549 807 3624 ὡς
822 3556 1009 3638 μνημονικός·
1025 3562 1162 3639 σοφιστοῦ
1174 3556 1210 3614 τὰ
1222 3562 1341 3615 τοιαῦτα

54 3661 180 3742 νομίζων
202 3655 429 3742 ἐργολαβοῦντος
452 3654 584 3743 ἐγκώμια
607 3654 691 3743 εἶναι)
716 3672 744 3724 et
761 3665 972 3742 subsequentia
988 3667 1076 3725 verba
1093 3656 1176 3738 (ὅθεν
1192 3655 1341 3722 ἐπαινοῦν-

55 3786 114 3828 των
131 3813 254 3828 ......
279 3762 434 3848 ἐγκώμιον)
459 3770 488 3829 in
505 3769 634 3848 Philippi
651 3771 844 3847 ignominiam
864 3772 943 3832 dicta
959 3771 1070 3849 optime
1086 3773 1239 3848 quadrent.
1265 3772 1341 3832 Nam

56 3885 176 3938 constat
194 3909 232 3919 -
250 3878 278 3937 id
303 3879 381 3955 quod
405 3899 496 3956 supra
519 3879 690 3940 monuimus
713 3913 750 3922 --
776 3881 1005 3958 Theopompum
1027 3882 1096 3940 data
1123 3900 1214 3957 opera
1237 3879 1341 3939 Demo·

57 3985 172 4046 sthenis
184 4006 301 4063 quoque
313 3986 549 4046 cavillationibus
559 3986 662 4047 nixum
670 3988 800 4066 Philippi
813 3989 972 4064 imaginem
983 3988 1133 4048 effinxisse
1146 3987 1340 4060 teterrimam3

56 4094 185 4154 cundem
201 4113 253 4152 cur
268 4092 426 4169 Aeschinis
443 4094 591 4153 orationes
608 4096 725 4154 adeam
744 4116 806 4154 rem
822 4115 882 4155 non
900 4095 1080 4172 compilasse
1096 4095 1261 4171 putandum
1283 4094 1341 4154 sit?

167 4199 252 4272 Quod
275 4206 426 4276 utcunque
456 4220 488 4260 se
517 4201 615 4274 habet,
649 4222 685 4261 ex
709 4202 818 4265 Aesch.
843 4223 885 4262 or.
911 4204 947 4261 de
971 4203 990 4266 ί,
1015 4202 1071 4277 leg.
1097 4202 1127 4260 in
1150 4203 1227 4262 hanc
1251 4203 1341 4262 vitam

59 4314 178 4384 praeter
200 4307 256 4365 hos
280 4307 355 4365 duos
379 4307 462 4366 locos
487 4307 515 4379 (ἕ
542 4311 580 4368 38
606 4316 634 4367 et
660 4309 734 4381 112)
758 4309 832 4368 nihil
857 4308 1001 4368 transisse
1025 4308 1151 4377 invenio,
1181 4308 1239 4368 nisi
1264 4310 1342 4386 quod

57 4415 136 4478 Plut.
163 4433 187 4474 c.
213 4417 233 4473 4
254 4445 292 4453 -
316 4433 374 4491 quo
396 4433 506 4491 quaeso
529 4414 672 4491 respicias
699 4447 736 4455 —
763 4416 994 4474 Demosthenem
1016 4415 1112 4474 Batali
1136 4434 1299 4490 cognomen
1324 4435 1342 4474 a

58 4521 159 4605 pueris
176 4528 297 4603 propter
312 4521 466 4583 moltitiem
484 4522 617 4602 corporis
634 4523 787 4604 accepisse
810 4522 907 4597 tradit,
933 4523 979 4586 cui
1004 4524 1131 4586 similem
1155 4521 1342 4618 traditionem
