3164 5182
194 1459 325 1556 Abhinc
349 1516 401 1557 sex
426 1515 520 1556 annos
545 1495 653 1573 prodiit
669 1494 825 1570 Gottingae
848 1495 883 1559 A.
908 1495 940 1559 F.
965 1483 1159 1571 Roesigeri
1184 1485 1228 1556 ‘dc
1243 1495 1353 1556 Duride

73 1605 174 1666 Samio
190 1609 310 1669 Diodori
327 1610 418 1669 Siculi
435 1617 463 1669 et
478 1609 629 1670 Plutarchi
653 1604 783 1670 auctore'
807 1609 952 1686 inscripta
976 1609 1155 1670 dissertatio,
1195 1610 1260 1683 Qua
1284 1631 1352 1672 cum

72 1714 281 1776 Demosthenis
306 1718 396 1777 vitam
420 1718 628 1777 Plutarcheam
652 1717 771 1777 Doridis
797 1716 890 1776 Samii
914 1723 942 1776 et
965 1716 1106 1776 Demetrii
1129 1717 1275 1793 Magnetis
1299 1718 1354 1778 niti

72 1824 247 1883 auctoritate
274 1825 325 1884 ille
347 1825 408 1884 iam
435 1826 620 1902 exposuerit,
651 1845 773 1903 operam
804 1843 1055 1902 supervacaneam
1080 1832 1108 1884 et
1132 1825 1266 1886 inutilem
1291 1845 1354 1885 sus·

72 1938 211 2006 capturus
235 1932 405 1992 hominibus
429 1933 553 1992 literatis
569 1932 677 1996 videar.
717 1933 815 2009 Atque
831 1951 909 2004 vero,
936 1951 1119 2008 quamquam
1143 1932 1184 1992 illi
1208 1953 1252 2006 ea,
1277 1952 1354 2010 quae

71 2036 101 2095 in
125 2038 325 2115 disputatione
348 2041 503 2099 tractanda
527 2039 583 2099 sibi
607 2048 811 2117 proposuerat,
842 2047 869 2098 et
894 2038 1045 2115 copiosius
1069 2046 1097 2098 et
1121 2039 1288 2099 accuratius
1306 2060 1354 2101 ex·

71 2144 208 2220 plicanda
236 2147 369 2220 luerunt,
409 2147 547 2223 equidem
575 2148 611 2206 de
640 2166 676 2206 ea
705 2147 753 2206 vix
782 2147 890 2206 iterum
917 2147 1108 2218 dissererem,
1144 2146 1169 2206 si
1199 2167 1274 2224 quas
1304 2147 1354 2206 ille
1420 2197 1424 2206 .

72 2251 202 2312 rationes
227 2261 346 2312 secutus
370 2261 424 2327 est,
448 2273 533 2312 veras
558 2262 586 2313 et
611 2255 750 2331 probatas
773 2273 840 2312 esse
857 2253 1087 2336 perspexissem.
1126 2252 1166 2313 At
1188 2253 1352 2314 rationibus

72 2358 251 2433 quibusdam
267 2360 465 2420 recentiorum
480 2361 636 2420 hominum
651 2361 816 2432 doctorum,
835 2361 860 2419 si
877 2368 955 2419 recte
967 2360 1152 2432 adhibentur,
1170 2359 1351 2435 verissimas,

72 2472 182 2525 temere
197 2468 328 2528 confisus
346 2467 455 2545 sprevit
470 2461 519 2527 ille
530 2466 682 2526 Plutarchi
694 2466 818 2542 vestigia
830 2473 968 2526 accurate
983 2467 1079 2542 legere
1095 2455 1123 2525 et
1138 2467 1183 2525 vel
1200 2466 1353 2544 proximos

72 2572 169 2631 fontes
194 2573 373 2646 examinare,
398 2573 556 2632 immemor
578 2572 652 2646 eius,
677 2574 756 2649 quod
772 2572 831 2632 iam
847 2573 1042 2632 Ruhnkenius
1069 2574 1227 2651 praecepit,
1252 2582 1284 2634 ut
1308 2575 1354 2635 sui

72 2700 219 2756 quemque
243 2680 417 2758 scriptorem
441 2680 587 2757 optimum
610 2679 801 2756 interpretem
825 2699 892 2738 esse
909 2686 1115 2740 statueremus
1156 2681 1226 2739 lnde
1241 2682 1353 2741 factum

72 2793 132 2862 est,
161 2795 210 2860 ut,
240 2789 318 2864 quod
347 2795 564 2874 praeoccupato
595 2786 703 2846 iudicio
733 2787 770 2845 ad
799 2786 1081 2846 commentationem
1105 2807 1191 2847 suam
1215 2788 1351 2860 accessit,

73 2894 194 2954 omnino
218 2895 290 2954 nihil
314 2896 375 2954 fere
398 2913 613 2972 eorumquae
637 2893 767 2971 protulit,
793 2895 899 2954 stabile
923 2894 961 2954 sit
984 2903 1035 2955 aut
1059 2904 1181 2958 certum.

179 3003 280 3079 ltaque
303 3003 399 3061 denuo
423 3003 500 3062 hanc
525 3022 645 3062 causam
672 3021 831 3077 aggressus
855 3022 931 3075 sum,
958 3023 1016 3079 qua
1032 3003 1063 3062 in
1079 3023 1110 3062 re
1127 3023 1192 3063 eam
1208 3003 1353 3063 rationem

73 3109 157 3186 sequi
181 3116 226 3168 est
250 3108 323 3168 mihi
346 3109 376 3168 in
401 3110 510 3184 animn,
535 3117 567 3169 ut
593 3109 729 3186 primum,
755 3109 908 3184 Roesigeri
932 3130 1022 3186 quam
1046 3111 1142 3170 futilia
1158 3110 1218 3170 sint
1234 3118 1262 3169 et
1277 3111 1354 3170 falsa

71 3224 256 3292 argumenta,
280 3220 482 3297 comprobem,
507 3217 621 3290 deinde,
646 3215 716 3292 quid
732 3215 796 3294 ipse
812 3216 982 3289 invenerim,
1001 3235 1175 3293 proponam,
1202 3223 1352 3313 postremp

72 3344 148 3402 quae
171 3325 244 3383 fides
268 3324 337 3383 huic
360 3324 436 3385 vitae
460 3324 499 3384 sit
522 3325 691 3398 tribuenda,
722 3323 847 3383 breviter
878 3324 1085 3401 perstringam.
1133 3324 1163 3382 ln
1189 3323 1352 3383 refutandis

72 3439 172 3492 autem
188 3431 340 3506 Roesigeri
351 3433 456 3492 causis
474 3432 499 3491 si
515 3433 590 3492 forte
605 3431 741 3491 acerbius
758 3431 854 3506 egisse
877 3431 985 3503 videar,
1013 3450 1125 3507 precor,
1150 3451 1187 3490 ne
1207 3431 1264 3490 hoc
1280 3430 1353 3490 mihi

71 3538 189 3598 crimini
217 3540 262 3598 vel
292 3539 467 3599 insolentiae
496 3546 640 3612 vertatur,
671 3538 722 3597 sed
751 3537 807 3597 sibi
835 3537 960 3614 quisque
985 3539 1160 3615 persuadeat
1184 3537 1270 3597 velim
1294 3557 1351 3611 me,

72 3666 267 3724 quaecunque
285 3647 477 3724 protulerim,
505 3645 636 3707 veritatis
664 3665 765 3704 amore
793 3653 821 3704 et
844 3645 1046 3705 sincerissimo
1070 3644 1168 3704 studio
1192 3646 1350 3704 adductum

71 3754 192 3815 dixisse.

179 3863 223 3922 Ac
239 3862 369 3940 primum
386 3861 505 3938 quidem
520 3863 557 3921 de
572 3861 781 3935 fundamentis,
804 3861 912 3938 quibus
928 3861 1070 3936 Roesiger
1086 3860 1197 3933 nititur,
1222 3860 1353 3921 animad-

72 3971 145 4030 verti
161 3971 243 4033 haec.
281 3969 438 4042 Quaeritur
454 3969 603 4042 nimirum,
623 3970 771 4046 quomodo
788 3969 927 4028 facillime
942 3967 1094 4028 Plutarchi
1111 3969 1206 4028 fontes
1221 3967 1353 4045 primarii

72 4077 190 4155 possint
212 4077 390 4151 investigari.
431 4077 507 4136 Nam
524 4076 554 4136 id
570 4074 648 4153 quod
665 4076 796 4136 maximo
814 4077 971 4136 commodo
996 4077 1033 4135 ad
1057 4076 1153 4134 fontes
1178 4075 1353 4152 aperiendos

72 4204 141 4244 esse
163 4183 229 4261 quis
253 4183 341 4257 dicat,
366 4191 398 4243 ut
422 4184 548 4261 abipso
572 4185 738 4256 'audiamus
764 4183 871 4260 quibus
888 4203 960 4242 usus
978 4182 1025 4255 sit,
1051 4201 1118 4242 raro
1135 4182 1257 4255 accidit;
1283 4181 1353 4259 quin

72 4292 163 4352 etiarn
186 4312 255 4352 cum
277 4291 362 4352 multi
387 4291 547 4369 scriptores
571 4293 742 4364 afferuntur,
771 4310 930 4350 caveamus
954 4297 1083 4367 oportet,
1113 4311 1151 4350 ne
1174 4310 1225 4350 eos
1249 4308 1354 4350 omnes

73 4400 169 4458 abeo
194 4399 339 4477 perlectos
363 4419 430 4460 esse
453 4418 638 4459 censeamus.
678 4397 755 4458 Fieri
771 4398 850 4458 eninr
867 4406 973 4475 potest,
998 4407 1030 4458 ut
1053 4383 1105 4458 eos
1129 4397 1212 4477 ipsos
1236 4396 1354 4457 silentio

72 4514 238 4586 praetereat
254 4507 424 4586 scriptores
438 4527 513 4586 quos
530 4505 701 4566 fidelissime
714 4513 833 4565 secutus
847 4512 900 4579 est,
918 4512 947 4566 et
960 4504 986 4565 si
996 4525 1054 4584 qua
1066 4502 1355 4568 auctorumnomiua

1133 4605 1174 4663 ,μ
