3164 5182
694 380 903 448 ...43-

149 560 203 646 πὴν
229 558 306 632 τάξιν
328 553 434 631 αὐτοὺς
461 554 659 646 ἐνουθέτησεν,
687 557 756 622 ἀλλ’
780 557 796 624 ὁ
819 557 962 631 Φωκικὸς
990 556 1121 642 πόλεμος
1143 554 1285 642 δεκαετὴς
1307 556 1431 637 γεγονὼς

150 665 322 753 ἀείμνηστον
345 666 482 730 παιδείαν
498 663 604 738 αὐτοὺς
616 664 796 731 ἐπαίδευσεν
819 673 1015 734 consentiunt.

259 779 341 852 Quae
356 779 525 840 etiamnunc
538 789 698 857 supersunt
717 783 857 859 pleraque
877 781 920 841 vel
935 782 1030 858 potius
1043 780 1143 840 omnia
1153 781 1190 840 ad
1203 778 1431 854 Theopompum

149 887 304 947 referenda
328 894 407 946 sunt.
454 887 668 947 Difficillimum
692 896 791 948 autem
815 896 860 948 est
883 887 1028 949 subtiliter
1053 906 1214 959 secernere,
1244 885 1313 964 quid
1338 884 1431 944 Theo·

150 1013 262 1071 pompo
278 993 455 1054 Aeschinem
482 994 624 1071 sequenti,
650 994 721 1072 quid
742 996 900 1056 Plutarcho
922 1004 950 1055 et
966 995 1194 1072 Theopompum
1211 1000 1239 1053 et
1253 992 1432 1053 Aeschinem

152 1101 377 1162 transscribenti
401 1100 615 1176 assignandum
639 1102 685 1161 sit.

260 1209 361 1285 Neque
385 1209 464 1268 enirn
488 1209 610 1270 dubium
632 1216 686 1283 est,
712 1209 783 1286 quin
799 1210 877 1272 Plut.
894 1209 1051 1269 Aeschinis
1076 1209 1240 1268 orationem
1256 1228 1281 1268 c.
1300 1207 1431 1283 Ctesiph.

150 1315 305 1391 diligenter
321 1316 439 1390 legerit3
456 1318 541 1393 plura
558 1325 627 1377 sunt
643 1318 672 1376 in
686 1317 799 1393 reliqua
811 1317 870 1377 vita
882 1316 999 1389 indicia,
1017 1336 1107 1393 qnam
1123 1323 1155 1376 ut
1170 1316 1247 1375 hanc
1263 1315 1433 1393 opinionem

152 1423 280 1482 missam
303 1424 457 1484 iaciamus
504 1424 580 1496 Quid
604 1424 691 1500 igitur
715 1429 904 1485 statuamus?
945 1424 1042 1501 Supra
1066 1424 1104 1496 (c.
1131 1423 1183 1496 14)
1207 1423 1345 1501 apparuit
1367 1423 1433 1481 Plu·

152 1531 290 1590 tarchurn
312 1530 458 1591 rationem
482 1531 537 1591 sibi
555 1531 753 1602 constitutam
782 1538 916 1591 secutum
941 1533 1084 1610 opprobia
1114 1523 1149 1590 οὒ
1171 1531 1247 1589 πάνυ
1269 1526 1434 1609 προθδμιυς

152 1637 322 1700 admisisse.

260 1746 346 1818 Quod
359 1745 383 1804 si
395 1745 452 1805 hoc
464 1748 530 1805 loco
543 1745 764 1819 attenderimus
779 1746 1047 1806 animadvertemus
1060 1765 1138 1816 eum,
1159 1764 1228 1804 curn
1239 1744 1433 1804 intellexisset

151 1852 332 1912 Aeschinem
346 1862 374 1913 et
384 1854 613 1930 Theopompum
629 1853 706 1913 idem
720 1853 836 1912 crimini
852 1856 923 1913 dare
939 1861 1027 1930 atque
1044 1853 1116 1913 adeo
1133 1852 1212 1911 hunc
1229 1873 1265 1911 ex
1280 1852 1331 1910 illo
1344 1870 1432 1910 suum

151 1961 405 2037 transscripsisse,
423 1969 451 2020 et
464 1981 532 2020 cum
546 1960 754 2021 Demosthenis
768 1981 809 2020 or.
822 1963 858 2020 de
871 1981 941 2035 cor,
960 1981 1050 2038 quam
1062 1962 1098 2019 de
1110 1960 1198 2019 rebus
1212 1959 1290 2019 circa
1303 1977 1433 2035 pugnam

152 2066 392 2127 Chaeronensem
418 2069 508 2143 gestis
533 2077 671 2129 accurate
695 2068 951 2145 pervestigaverat,
981 2088 1095 2141 veram,
1126 2066 1284 2127 Aeschinis
1307 2065 1433 2126 invidiae

151 2175 272 2251 plenam
288 2194 355 2233 esse
370 2175 580 2252 perspexisset,
605 2177 684 2235 hunc
707 2196 776 2235 cum
792 2176 986 2253 Theopompo
1004 2176 1151 2253 sprevisse
1166 2173 1434 2250 Demosthenisque

150 2283 270 2341 laudern
286 2281 412 2357 ingenue
428 2282 581 2346 cecinisse.
617 2283 701 2355 Quod
718 2284 776 2344 alia
792 2304 908 2361 quoque
927 2305 959 2343 re
981 2284 1208 2360 comprobatur3
1232 2282 1341 2341 etenim
1364 2301 1433 2341 cum

150 2388 258 2448 Aesch.
284 2410 302 2448 a
326 2389 521 2466 Theopompo
553 2410 676 2467 prorsus
704 2391 882 2451 dissentiens
907 2394 923 2462 ἕ
950 2393 1010 2452 137
1037 2391 1162 2469 aliisque
1193 2391 1267 2450 locis
1291 2409 1351 2449 non
1375 2389 1433 2449 nisi
1462 2409 1464 2414 ’

149 2495 309 2555 occasione
318 2497 455 2555 ellectum
471 2516 547 2569 esse,
565 2504 597 2555 ut
610 2497 743 2558 Thebani
755 2498 785 2557 in
799 2498 971 2558 societatem
984 2518 1052 2558 cum
1062 2498 1293 2558 Atheniensibus
1310 2495 1431 2568 coirent,

149 2602 239 2680 idque
262 2603 444 2662 orationibus
461 2605 670 2664 Demosthenis
695 2605 816 2665 minime
839 2605 1030 2682 impetratum
1054 2625 1121 2666 esse
1142 2605 1228 2678 dicat,
1255 2603 1432 2663 Plutarchus

150 2709 181 2768 in
205 2710 311 2770 melius
336 2730 457 2785 vergens
475 2711 713 2789 Theopompum,
739 2713 788 2790 qui
812 2714 848 2772 de
872 2712 985 2772 meritis
1009 2713 1217 2773 Demosthenis
1242 2711 1362 2772 omnino
1386 2712 1434 2770 de·

148 2817 267 2877 trahere
290 2837 383 2878 ausus
406 2838 466 2877 non
490 2827 562 2891 erat,
588 2828 708 2879 secutus
732 2827 786 2880 est.

258 2925 302 2984 Ex
325 2926 524 2985 Demosthene
547 2927 613 3003 ipso
637 2929 674 2987 ad
698 2928 775 2987 hanc
799 2927 1005 3004 quaestionem
1027 2928 1247 2988 dissolvendam
1271 2927 1344 2986 nihil
1369 2947 1433 3004 pro·

148 3029 284 3102 ficimus3
309 3052 379 3090 nam
402 3033 575 3092 brevissime
596 3033 643 3092 hic
666 3034 743 3094 hanc
766 3054 830 3094 rem
853 3034 1025 3112 perstringit
1051 3037 1100 3107 18,
1130 3039 1209 3095 218:
1237 3026 1272 3091 ἵν’
1295 3025 1390 3114 εἰδῆτε
1413 3025 1433 3113 ἡ

150 3128 209 3217 ἐμὴ
226 3136 362 3217 συνέχεια
378 3154 406 3198 κ.
424 3133 528 3195 πλάνοι
543 3154 571 3195 κ.
587 3130 782 3218 ταλαιπωρίαι
797 3155 825 3197 a.
841 3138 877 3199 τὰ
893 3134 992 3199 πολλὰ
1008 3140 1191 3223 ψηφίσματα,
1210 3138 1306 3199 δινυν
1322 3132 1433 3207 οὗτος

150 3237 322 3322 διέσυρε,
346 3235 372 3302 τί
395 3237 600 3324 ἀπειργάσατο.

259 3352 341 3424 Quae
358 3352 382 3411 si
399 3360 477 3412 recte
492 3353 643 3429 disputata
660 3360 737 3426 sunt,
762 3353 810 3414 vix
827 3356 1078 3432 operaepretium
1095 3357 1132 3416 sit
1148 3359 1284 3428 refutare,
1311 3357 1338 3414 id
1355 3356 1433 3432 quod

150 3459 294 3535 Boesiger
311 3481 337 3536 p.
353 3463 395 3520 44
412 3460 590 3537 suspicatur,
610 3469 730 3536 propter
742 3480 844 3521 vocem
860 3455 1101 3521 δυναστευυυν
1116 3464 1245 3536 Duridis.
1264 3463 1433 3522 Samiorum

151 3567 233 3626 illius
258 3568 409 3642 dynastae,
436 3567 559 3642 vestigia
583 3588 735 3644 apparere.

259 3673 343 3750 Cap.
365 3676 414 3734 19.
456 3673 523 3733 Non
539 3674 637 3734 minus
655 3676 768 3735 futilem
785 3676 955 3752 opinionem
973 3678 1095 3754 protulit
1110 3678 1252 3754 Roesiger
1269 3699 1297 3755 p.
1316 3680 1356 3737 45
1375 3698 1431 3754 sq,

151 3804 180 3860 p.
198 3784 250 3856 48,
267 3790 349 3842 ratus
365 3782 461 3842 verbis
478 3773 581 3864 ετυχη
598 3778 636 3840 δέ
652 3800 693 3851 τις
710 3779 910 3865 δαιμόνιος
926 3777 962 3842 ἐν
982 3792 1173 3866 περιφορᾷ
1195 3773 1432 3864 πραγμάτων

150 3888 225 3948 satis
242 3909 386 3966 apparere
401 3891 520 3951 Duridis
537 3892 668 3967 vestigia.
702 3893 740 3952 At
761 3893 868 3953 miram
883 3893 966 3953 illam
982 3895 1117 3954 fortunae
1132 3893 1247 3953 divinae
1264 3893 1432 3970 opinionem

149 3995 235 4058 Dein.
260 4014 302 4059 or.
327 3998 364 4055 de
387 4017 446 4056 cor.
477 3997 530 4056 niti
560 4019 736 4074 persuasum
764 4000 869 4063 habeo.
918 4001 975 4060 Sed
999 4020 1058 4078 qua
1081 4001 1295 4060 Demosthenes
1321 4000 1432 4073 ratione

151 4103 189 4163 ad
213 4103 293 4162 illam
319 4105 490 4181 opinionem
514 4105 675 4179 devenerit,
707 4125 765 4182 quo
790 4106 906 4165 facilius
930 4106 1052 4183 intelligi
1078 4107 1189 4184 possit,
1223 4107 1312 4167 altius
1343 4108 1431 4184 paulo

148 4218 329 4287 repetamus

262 4318 360 4394 Atque
390 4318 486 4394 priore
517 4327 600 4396 parte
623 4319 686 4378 eius
710 4319 852 4380 orationis
882 4340 1000 4380 summa
1029 4340 1136 4396 opera,
1170 4330 1200 4379 ut
1230 4320 1432 4381 adversarium
1518 4365 1521 4387 ,

150 4443 238 4484 suum
265 4425 441 4503 proditionis
466 4433 640 4503 suspectum
665 4426 768 4498 saciat,
801 4426 921 4499 nititur3
951 4429 1003 4486 sed
1027 4427 1161 4503 quamvis
1187 4429 1344 4487 contendat
1368 4447 1433 4504 pro-

148 4529 278 4597 ditorum
301 4530 491 4618 potissimum
514 4553 604 4618 opera
621 4532 792 4619 Philippum
809 4541 1003 4602 consecutum
1026 4554 1108 4616 esse,
1138 4542 1168 4594 ut
1186 4535 1340 4604 Graeciam
1361 4554 1432 4603 suae
