3164 5182
593 347 813 417 ...49-

58 534 147 598 libris
172 534 234 595 suis
257 533 420 596 interfuisse
443 533 662 610 cognoscimus,
693 551 771 608 eum,
805 533 862 594 uisi
884 542 917 594 ut
940 529 1086 612 quasdam
1108 527 1248 596 materias
1271 542 1340 613 apte

63 644 263 718 concluderet,
288 643 436 703 derebus
460 642 674 720 posterioribus
698 642 795 718 egisse
818 649 1052 703 consentaneum
1074 662 1134 703 non
1159 649 1212 703 est.

168 777 271 854 Neque
287 797 322 837 ex
338 777 477 851 Diodoro,
495 776 546 854 qui
561 776 611 851 17,
630 780 649 837 4
667 796 732 854 sqq.
747 776 897 841 simillima
913 776 1002 836 tradit
1017 796 1051 836 ac
1068 760 1144 837 Plut.
1158 777 1189 837 in
1205 795 1270 854 cap.
1290 778 1342 850 28,

57 883 227 962 quaestioni
239 885 290 944 lux
303 883 407 958 affluit,
425 903 493 943 cum
504 884 659 960 hucusque
671 882 840 948 hominibus
853 883 957 956 doctis,
976 891 1016 957 ut,
1028 883 1136 961 quibus
1150 883 1346 962 scriptoribus

56 990 111 1050 ille
134 991 207 1050 liber
231 991 321 1050 nixus
345 997 433 1065 esset,
459 991 606 1068 aperirent
629 991 761 1050 noudum
785 989 948 1064 contigerit.

171 1124 309 1186 Ceterum
331 1125 490 1186 verisimile
514 1134 559 1186 est
582 1125 776 1185 Plutarchum
800 1124 943 1202 plurimas
967 1133 1014 1184 re's
1037 1143 1104 1184 curn
1121 1123 1209 1184 huius
1226 1130 1290 1185 tum
1305 1124 1347 1184 in·

59 1231 250 1310 sequentium
267 1233 399 1309 capitum
415 1233 587 1294 universum
598 1252 699 1292 rerum
711 1240 863 1308 gestarum
877 1239 1009 1292 tenorem
1022 1230 1214 1309 respicientes
1224 1232 1346 1306 eisdem,

59 1359 139 1417 quos
163 1341 200 1399 ad
215 1341 377 1400 Alexandri
401 1341 492 1400 vitam
508 1341 649 1414 excussit,
674 1341 845 1401 auctoribus
861 1340 976 1400 debere.
1012 1340 1052 1398 At
1066 1338 1202 1400 homines
1218 1339 1297 1400 docti
1312 1341 1349 1400 de

60 1467 98 1507 ea
124 1466 242 1523 quoque
265 1467 297 1506 re
320 1447 508 1508 dissentiunt.
547 1448 625 1507 Nam
646 1447 813 1508 Schoene
837 1447 956 1524 quidem
979 1447 998 1506 l.
1024 1466 1064 1507 111.
1088 1465 1180 1506 unum
1206 1447 1250 1506 vel
1273 1447 1348 1512 duos

63 1554 229 1630 scriptores
261 1562 330 1630 post
360 1575 386 1615 a.
414 1557 480 1616 200Ὶ
501 1575 528 1615 1.
554 1555 623 1615 Chr.
653 1556 791 1614 florentes
815 1554 974 1614 Plutarcho
998 1553 1065 1613 usui
1086 1553 1181 1627 luisse
1206 1553 1348 1630 probavit.

60 1661 139 1722 Aliis
163 1661 264 1738 plures
288 1661 448 1737 scriptores
472 1661 595 1721 adhibiti
618 1682 685 1722 esse
707 1662 850 1748 videntur.
898 1661 983 1734 Quod
1011 1668 1161 1737 utcunque
1193 1661 1346 1734 sehabet,

62 1767 189 1828 dubium
213 1787 272 1828 nou
296 1776 355 1841 est,
388 1769 459 1845 quin
482 1769 670 1842 Plutarchus
700 1769 726 1829 si
750 1769 868 1846 quidem
892 1769 1065 1828 Idomeneus
1090 1775 1119 1828 et
1142 1768 1241 1842 Duris,
1274 1787 1349 1845 quos

61 1894 88 1934 c.
110 1877 150 1935 23
166 1874 276 1934 diserte
291 1877 384 1949 affert,
410 1895 478 1934 cum
502 1875 701 1936 celeberrimis
725 1896 826 1936 rerum
851 1874 1045 1953 scriptoribus
1069 1895 1130 1935 uon
1153 1876 1191 1935 ab
1214 1895 1248 1935 eo
1272 1875 1348 1952 ipso,

60 1983 119 2053 ¹sed
136 1984 173 2041 ab
190 1982 290 2059 aliquo
307 1982 451 2060 scriptore
467 1991 563 2043 aetate
578 1984 624 2042 his
638 1983 726 2060 paulo
739 1982 876 2043 inferiore
888 1982 993 2042 collati
1010 1989 1088 2056 sunt,
1105 1982 1177 2042 utin
1190 1982 1350 2042 Alexandri

61 2090 106 2149 ita
117 2089 207 2148 etiarn
218 2089 249 2148 in
259 2090 468 2150 Demosthenis
478 2091 537 2151 vita
553 2091 653 2168 aliquo
670 2092 751 2149 fonte
768 2109 840 2152 usus
861 2089 908 2163 sit,
931 2090 981 2166 qui
997 2089 1128 2149 diversas
1140 2090 1177 2150 de
1189 2088 1350 2150 Alexandri

61 2197 103 2256 M.
118 2197 207 2272 gestis
224 2197 386 2257 memorias
402 2199 443 2258 ita
458 2200 589 2272 referret,
614 2205 648 2258 ut
663 2198 788 2274 singulis
804 2197 1024 2285 narrationibus
1048 2197 1170 2258 nomina
1193 2205 1349 2258 auctorum

63 2303 202 2364 adiceret.

174 2437 254 2497 Num
277 2404 536 2498 Aristobulum
560 2457 688 2516 quoque,
714 2457 803 2516 quem
827 2437 952 2502 subinde
975 2436 1118 2512 nominat,
1143 2437 1174 2497 in
1197 2437 1244 2498 his
1268 2427 1350 2498 ‘cele-

63 2543 203 2605 berrimis
221 2534 424 2622 scriptoribus'
440 2545 624 2606 numeravit?
658 2545 800 2606 Muellero
814 2545 932 2623 quidem
945 2547 1016 2619 (scr.
1029 2565 1086 2609 rer.
1099 2545 1184 2606 Alex.
1197 2545 1236 2606 M.
1250 2566 1278 2623 p.
1294 2546 1349 2618 96)

63 2651 96 2711 id
120 2652 243 2712 dubium
267 2653 330 2713 fuit.
377 2653 478 2729 ltaque
501 2651 632 2712 maxime
655 2652 815 2712 dolendum
838 2660 893 2727 est,
925 2653 1005 2730 quod
1027 2652 1205 2712 Plutarchus
1228 2652 1350 2712 nomina

63 2759 249 2836 reliquorum
264 2761 485 2836 eorundemque
502 2759 828 2836 praestantissimorum
845 2759 1025 2836 scriptorum
1041 2759 1150 2833 omisit,
1168 2779 1350 2837 quamquam

64 2867 147 2926 haud
171 2867 258 2926 dubie
281 2867 312 2926 iu
336 2869 416 2928 101111
439 2868 605 2940 exstabant,
631 2867 656 2926 si
679 2867 749 2944 quid
766 2887 801 2928 ex
817 2867 894 2928 Plut.
911 2867 996 2928 Alex.
1014 2887 1039 2927 c.
1058 2870 1099 2928 46
1117 2867 1255 2943 colligere
1271 2867 1347 2940 licet,

64 2974 118 3033 ubi
132 2975 169 3034 de
181 2974 380 3035 Amazonibus
400 2994 468 3062 cum
480 2974 652 3034 Alexandro
665 2975 906 3051 convenientibus
923 2995 982 3036 non
999 2976 1098 3035 minus
1115 2975 1350 3054 quattuordecim

63 3088 160 3145 111111
185 3090 304 3142 0010101
328 3083 471 3143 videmus.
519 3079 582 3162 Sed}
605 3089 705 3143 tamen
734 3082 893 3143 verisimile
922 3089 967 3143 est
989 3082 1196 3144 Aristobulum
1218 3082 1278 3143 illis
1302 3083 1350 3142 ad·

64 3190 286 3249 numerandum
309 3209 392 3263 esse;
416 3189 471 3249 fuit
495 3189 573 3249 enim
597 3191 654 3250 lide
676 3189 870 3265 dignissimus
895 3209 929 3251 ac
952 3190 1000 3251 vix
1025 3191 1122 3250 facere
1137 3191 1241 3268 potuit,
1267 3189 1348 3267 quin,

65 3314 138 3354 cum
153 3296 189 3356 de
203 3296 375 3372 demagogis
391 3296 586 3374 expostulatis
603 3303 771 3373 exponeret,
795 3296 850 3356 hos
867 3303 1000 3356 oratores
1016 3297 1191 3358 nominaret.
1227 3295 1349 3356 Accedit

65 3403 148 3480 quod
163 3412 300 3464 accurate
315 3404 507 3479 cognovimus
525 3404 573 3477 (ex
589 3403 666 3463 Plut.
684 3403 786 3465 Moral.
813 3424 840 3481 p.
861 3405 975 3478 1093d,
1000 3424 1060 3465 uon
1084 3423 1174 3482 posse
1190 3423 1270 3464 suav.
1291 3403 1347 3462 viv.

65 3528 93 3570 c.
114 3509 167 3582 10)
183 3509 396 3584 Aristobulum,
415 3512 516 3571 forsan
531 3509 561 3569 in
579 3517 761 3582 transcursu,
779 3529 827 3569 res
843 3512 880 3570 ad
897 3510 1016 3572 Thebas
1033 3513 1070 3572 ah
1086 3512 1170 3572 Alex.
1188 3511 1226 3572 M.
1244 3517 1347 3588 captas

66 3615 248 3694 pertinentes
271 3637 371 3678 rerum
394 3616 521 3677 iu-Asia
545 3624 695 3692 gestarum
718 3617 879 3678 memoriae
902 3619 1073 3680 inseruisse.

175 3749 322 3824 Ceterum,
341 3759 490 3828 utcunque
506 3751 580 3810 haec
596 3771 628 3810 se
644 3751 762 3826 habent,
780 3771 840 3812 non
857 3755 985 3814 multum
1001 3754 1123 3813 interest
1139 3771 1207 3812 eum
1225 3752 1347 3826 fontem,

39 3911 41 3915 ,
67 3855 117 3917 cui
140 3857 198 3918 nisi
221 3860 308 3918 fallor
331 3858 409 3922 Plut.
433 3858 597 3918 Aristobuli
621 3878 739 3936 quoque
761 3860 935 3923 relationem
959 3861 1067 3935 debuit,
1099 3859 1226 3920 novisse.
1273 3859 1350 3920 Nam

66 3983 173 4024 omnes
196 3985 254 4039 res,
280 3965 305 4025 si
329 3985 389 4025 non
412 3967 449 4026 ad
465 3966 674 4026 Demosthenis
690 3958 835 4024 πολιτείαν
852 3970 957 4042 valent,
981 3967 1156 4028 brevissime
1179 3967 1351 4045 perstrictus

68 4090 138 4131 esse
161 4071 304 4147 videmus,
329 4074 408 4132 velut
431 4072 592 4133 Alexandri
615 4072 833 4151 expeditionem
856 4074 1028 4149 Asiaticam,
1053 4075 1156 4151 Agidis
1180 4077 1350 4148 tumultum,
1449 4141 1455 4147 ⁴

67 4179 231 4240 Alexandri
253 4188 389 4254 mortem,
414 4180 590 4240 Leosthenis
605 4179 752 4254 virtutem,
778 4181 836 4241 alia
852 4182 881 4241 id
898 4201 999 4258 genus.
1040 4182 1116 4254 Quid
1134 4185 1212 4260 quod
1224 4185 1352 4242 fortasse

67 4284 146 4347 Plut.
163 4286 292 4364 plurima
308 4306 344 4346 ex
360 4287 421 4346 ludi
437 4287 596 4364 disciplina
611 4288 755 4347 memoria
773 4288 876 4351 tenuit.
912 4289 1014 4366 Neque
1038 4290 1111 4350 haec
1132 4291 1259 4350 brevitas
1276 4290 1351 4349 mira

68 4401 131 4467 est3
155 4415 226 4454 nam
240 4395 449 4454 Demosthenis
466 4396 495 4457 in
512 4395 664 4472 republica
680 4395 841 4454 auctoritas
857 4414 980 4471 prorsus
996 4404 1163 4470 evanuerat,
1189 4398 1267 4473 quud
1288 4396 1353 4473 ipse

67 4500 146 4562 Plut.
163 4521 189 4564 c.
207 4504 248 4563 24
264 4503 358 4562 docet.
395 4502 505 4563 Contra
521 4504 667 4580 quaedam
682 4521 740 4576 res,
762 4509 794 4562 ut
809 4521 901 4562 causa
912 4503 1081 4581 Harpalica,
1104 4505 1173 4579 fuga
1193 4511 1220 4563 et
1239 4503 1350 4564 reditus

1141 4606 1157 4661 4
