3164 5182
598 359 810 427 ..33..

167 543 244 604 Nam
274 543 332 605 nisi
355 545 412 605 hoc
436 546 501 605 loco
524 544 602 609 Plut.
628 545 698 607 talia
721 565 871 623 nusquam
894 546 1043 606 invenisse
1066 545 1139 605 mihi
1163 567 1340 624 persuasum

56 661 116 718 est.
163 653 249 725 Quod
272 653 402 713 maxime
426 656 636 730 comprobatur
660 673 708 726 eo,
735 653 812 730 quod
836 653 913 716 Plut.
944 653 1083 730 deinceps
1107 655 1143 713 ad
1167 674 1229 713 rem
1254 656 1341 732 plane

55 760 209 820 diversam
232 759 349 822 transit.
817 826 820 833 ,

141 907 145 914 -
168 868 225 927 Sed
238 875 398 944 antequam
414 868 646 945 progrediamur,
664 875 781 944 oportet
797 888 832 927 ex
845 868 933 926 rebus
946 869 1035 926 modo
1047 868 1178 928 tractatis
1191 868 1340 929 Plutarchi

56 974 148 1049 quale
172 974 257 1032 luerit
281 973 422 1033 iudicium
446 994 595 1051 quaerere.
643 975 779 1051 Namque
809 974 961 1050 praeclaro
985 974 1033 1033 hic
1057 975 1140 1034 locus
1165 976 1341 1036 documento

58 1088 107 1139 est
130 1100 198 1140 eum
221 1080 251 1140 in
274 1083 385 1141 malam
410 1088 525 1158 partem
548 1081 591 1139 ire
615 1101 674 1140 non
699 1081 819 1139 solitum
836 1100 912 1152 esse,
937 1080 1112 1157 priusquam
1133 1101 1195 1139 rem
1219 1081 1259 1141 ita
1275 1101 1342 1142 sese

57 1187 170 1246 habere
193 1189 408 1264 perspexisset;
433 1189 532 1265 itaque
549 1187 727 1246 Aeschinem
744 1207 812 1246 cum
829 1186 948 1247 vidisset
964 1187 1194 1246 Demosthenem
1210 1187 1342 1263 ignaviae

59 1314 192 1369 arguere,
211 1315 271 1354 non
288 1303 406 1354 secutus
424 1304 477 1367 est,
497 1295 671 1371 priusquam
687 1295 815 1354 Demetr.
833 1294 1018 1365 Phalereum,
1036 1293 1120 1352 cuius
1134 1294 1206 1353 fides
1224 1302 1343 1372 propter

58 1396 270 1461 Demosthenis
287 1403 516 1462 familiaritatem
532 1402 654 1461 minime
670 1409 809 1478 suspecta
833 1409 904 1472 erat,
931 1399 1028 1458 simile
1051 1399 1207 1460 tradidisse
1231 1421 1343 1476 cogno·

61 1509 167 1581 visset;
191 1495 254 1568 tum
278 1511 399 1568 demum
421 1510 579 1569 Aeschinis
603 1509 700 1568 verbis
724 1509 766 1567 uti
790 1527 881 1568 ausus
906 1514 966 1566 est:

262 1617 338 1676 Plut.
364 1637 388 1675 c.
416 1619 469 1680 14:
841 1615 948 1674 Aesch.
977 1617 1004 1687 3,
1033 1617 1227 1677 173—174:

104 1728 144 1800 τῷ
168 1716 192 1778 d
215 1716 330 1781 ἄνωθεν
354 1715 388 1780 ἐκ
411 1716 529 1782 Σοὺσοιν
552 1740 580 1780 κ.
601 1715 673 1780 ’Ἐκ-
771 1728 817 1781 vav
848 1720 943 1803 μέντοι
971 1719 1004 1779 τὸ
1038 1716 1189 1798 βασιλικὸν
1222 1720 1343 1802 χρυσίον

57 1825 192 1906 βατάνιον
203 1821 338 1906 ἐπιβατὸς
351 1829 464 1910 χρυσίῳ
481 1829 607 1906 γεγονὼς
623 1827 675 1886 καὶ
728 1822 999 1889 ἐπικέκλυκε
1023 1826 1074 1908 τὴν
1101 1823 1233 1911 δαπάνην
1256 1819 1343 1887 αὐτοῦ

57 1931 444 2016 κατακεκλυσμένος,
460 1929 608 1994 ἐπαινέσαι
624 1934 675 2015 μὲν
773 1939 882 2007 5174:
906 1926 933 1992 οἱ
956 1933 1007 2015 μὲν
1030 1930 1111 2012 λόγοι
1133 1930 1230 2010 καλοί,
1254 1934 1290 1994 τὰ
1319 1928 1344 1994 δ’

56 2033 239 2111 ἱκανώτατος
254 2036 289 2123 ἦν
305 2042 340 2101 τὰ
352 2049 408 2102 τῶν
419 2043 568 2121 προγόνων
583 2037 674 2115 καλά,
727 2037 799 2122 ἔργα
825 2036 925 2124 φαῦλα

56 2149 250 2232 μιμήσασθαι
273 2144 297 2207 δ’
321 2143 377 2231 οὐχ
400 2143 519 2231 ὁμοίως.

168 2259 271 2318 Verbis
288 2256 417 2340 φαίνεται
434 2252 466 2314 δὲ
481 2254 533 2314 καὶ
548 2278 612 2316 rem
629 2258 715 2334 plane
731 2278 839 2318 novam
863 2265 950 2334 atque
975 2260 1011 2317 ab
1035 2258 1091 2317 hoc
1116 2258 1190 2330 loco,
1215 2266 1247 2317 ut
1270 2258 1342 2318 mihi

58 2364 186 2438 videtur,
213 2367 339 2424 alienam
362 2365 507 2440 adiungit:
533 2372 643 2435 narrat,
669 2374 779 2441 quanta
795 2366 915 2425 libertas
934 2386 968 2424 ex
985 2366 1021 2424 iis
1037 2385 1113 2441 quae
1129 2365 1202 2424 dixit
1218 2366 1341 2429 eluceat.

57 2471 138 2529 Voce
162 2470 293 2552 φαίνεται
322 2493 353 2531 se
381 2473 480 2549 ipsum
511 2492 578 2531 earn
600 2471 770 2548 opinionem
795 2493 830 2532 ex
855 2472 1151 2533 Demosthenicarum
1175 2472 1342 2531 orationum

59 2578 159 2637 studio
191 2579 364 2656 concepisse
393 2579 519 2651 indicat,
549 2599 639 2655 quam
673 2599 736 2638 rem
764 2582 890 2638 sortasse
915 2580 1128 2657 Theopompus
1152 2578 1178 2638 ei
1202 2578 1342 2638 submini-

59 2694 216 2758 straverat,
235 2687 285 2762 qui
302 2688 426 2747 subinde
442 2687 526 2746 testis
543 2689 671 2760 affertur,
690 2694 727 2759 et,
748 2706 816 2745 cum
832 2687 1068 2746 illustrissimum
1085 2707 1231 2765 quemque
1247 2687 1342 2745 virum

58 2794 98 2851 ab
116 2789 305 2868 optimatium
318 2796 461 2870 partihuS,
475 2814 549 2870 quas
563 2794 626 2871 ipse
640 2814 757 2853 summo
771 2796 875 2854 ardore
888 2803 1007 2854 secutus
1020 2802 1074 2867 est,
1087 2795 1204 2854 stetisse
1217 2796 1342 2872 probare

60 2902 201 2974 studeret,
231 2902 294 2960 sine
318 2902 406 2961 dubio
430 2892 595 2980 παρρησίαν
618 2902 700 2961 illam
724 2901 913 2978 optimatium
938 2901 1026 2960 studii
1049 2901 1253 2961 testimonium
1275 2921 1342 2961 esse

59 3009 220 3071 contendit.
256 3009 377 3069 Accedit
401 3010 479 3085 quod
504 3008 551 3067 hic
575 3010 658 3068 locus
683 3011 719 3069 ab
744 3030 787 3078 eo,
813 3029 871 3086 quo
895 3010 972 3068 Plut.
999 3008 1035 3080 (c.
1063 3012 1080 3068 8
1106 3009 1193 3080 extr.)
1218 3008 1342 3085 stirpem

60 3123 183 3174 secutus
208 3136 325 3175 summo
350 3136 438 3193 opere
462 3117 693 3176 Demosthenem
716 3138 782 3176 vere
806 3117 981 3194 popularem
1010 3116 1101 3175 luisse
1130 3115 1340 3191 comprobavit,

59 3222 194 3284 ursana.
524 3209 530 3220 ’

169 3329 230 3387 lain
251 3329 479 3407 Theopompum
502 3331 601 3407 ipsum
625 3331 783 3390 Plutarcho
807 3338 925 3406 praesto
951 3329 1043 3388 luisse
1069 3329 1259 3389 manifestum
1280 3335 1340 3401 est;

61 3456 133 3496 nam
159 3435 183 3494 si
208 3437 298 3513 stirps
323 3459 357 3496 ea
381 3439 574 3514 praebuisset,
601 3458 625 3498 c.
646 3442 662 3499 8
681 3438 727 3496 his
744 3437 866 3496 diversis
883 3436 998 3495 iudiciis
1014 3436 1090 3495 inter
1107 3457 1138 3495 se
1162 3436 1341 3513 comparatis

62 3545 235 3603 alterutram
252 3543 281 3602 in
300 3553 411 3621 partem
427 3545 617 3604 diiudicatum
636 3553 722 3605 esset.
760 3544 897 3603 Ceterum
914 3544 1016 3602 eadem
1033 3552 1148 3620 praeter
1159 3543 1342 3602 Dinarchum

65 3653 94 3723 1,
121 3654 249 3711 62-63
267 3652 419 3711 Dernosth.
440 3654 489 3723 18,
511 3655 682 3711 raa-133
700 3659 809 3710 narrat.
846 3651 927 3722 Quae
944 3650 968 3709 si
985 3670 1054 3709 cum
1070 3650 1221 3710 Plutarchi
1245 3650 1341 3709 verbis
1395 3728 1398 3734 Ι

62 3759 345 3833 comparaverimus,
363 3779 577 3834 cognoscemus
594 3760 714 3818 eumad
731 3758 938 3817 Demosthenis
956 3758 1043 3817 verba
1058 3757 1099 3816 ita
1115 3777 1147 3816 se
1163 3757 1341 3835 applicasse,

62 3873 94 3924 ut
112 3865 223 3924 eisdem
240 3867 299 3925 fere
315 3867 410 3925 verbis
428 3867 550 3926 servatis
566 3888 634 3926 eum
651 3867 842 3938 exscriberet;
866 3886 926 3925 una
946 3884 1001 3925 vox
1018 3857 1257 3943 ἀριστοκρατικὸν
1273 3885 1342 3925 cum

62 3972 229 4032 Dinarclreo
245 3965 378 4053 ολιγαρχ.
395 3975 490 4049 magis
507 3974 645 4048 concinit,
665 3995 756 4051 quam
772 3994 840 4032 cum
856 3972 1098 4032 Demosthenico:
1116 3963 1157 4038 ὡς
1172 3963 1202 4030 ἐν
1217 3966 1343 4053 δημοκρ.

60 4072 142 4136 δεινὰ
164 4084 245 4135 ποιῶ.
306 4069 309 4076 ’

172 4185 347 4246 Plutarchea
360 4189 447 4248 verba
458 4185 510 4245 καὶ
526 4179 593 4267 παρ’
603 4177 685 4245 οὐδὲν
701 4185 733 4244 τὸ
746 4189 944 4266 προσκροῦσαι
955 4189 995 4263 τῷ
1006 4179 1091 4267 δήμῳ
1102 4183 1228 4267 θέμενος
1241 4195 1343 4248 neuter

63 4312 169 4352 eorum
193 4295 322 4369 praebet.
370 4295 447 4367 Quid
470 4303 561 4372 ergo?

173 4400 316 4477 Equidem
333 4403 375 4461 sic
393 4411 506 4463 statuo:
524 4403 601 4466 Plut.
615 4403 703 4463 huius
720 4402 761 4461 rei
777 4422 836 4463 non
853 4401 1046 4474 meminisset,
1071 4402 1129 4463 nisi
1146 4423 1211 4463 eam
1228 4402 1341 4479 Theop.

62 4505 161 4566 verbis
191 4499 337 4589 ἀριστοκρ.
365 4504 479 4592 σφόδρα
503 4501 589 4569 αὐτοῦ
619 4504 711 4567 nolte.
739 4524 767 4566 κ.
794 4507 827 4568 τὸ
850 4525 879 4566 π.
903 4501 1095 4593 Ἀντιφῶντος
1123 4509 1342 4585 delineavisset;

1131 4611 1148 4664 3
