3158 5152
685 348 900 421 ..25..

148 544 181 600 ut
197 557 264 605 eum
282 536 414 607 crebrius
431 535 539 610 adiret3
556 557 625 598 nam
644 536 803 615 scriptores
819 535 962 612 ingeniosi
980 535 1089 596 habent
1105 551 1244 612 magnam
1261 533 1296 593 ad
1313 529 1429 592 animos
1481 549 1485 557 ·

148 644 311 721 legentium
334 644 393 704 vim
418 653 445 704 et
469 644 509 704 ita
534 664 566 704 se
589 644 619 703 in
643 664 693 704 eos
716 645 877 718 insinuant,
903 650 934 702 ut
951 643 979 702 hi
997 643 1033 702 ab
1050 641 1092 701 eis
1108 641 1258 701 discedere
1273 645 1429 716 nequeant.

148 751 234 815 Adde
258 751 336 828 quod
360 750 412 822 eis,
438 770 515 828 quae
531 750 651 826 Dionys,
677 750 773 810 Halic.
799 750 818 810 l.
843 770 894 822 nn,
920 749 970 826 qui
994 749 1124 826 reliquos
1148 768 1247 808 rerum
1270 746 1429 823 scriptores

148 856 345 919 acerbissime
369 855 528 930 recensuit,
553 844 587 915 111
602 857 797 935 Theopompo
822 857 981 936 praedicat,
1006 857 1210 934 dispositionis
1234 855 1378 931 elegantia
1402 861 1430 915 et

147 966 228 1043 quod
252 964 352 1025 omnia
377 971 490 1024 secreta
513 963 629 1024 virtutis
654 966 769 1025 fucatae
793 973 820 1025 01
836 964 898 1025 vitii
914 965 1031 1025 latentis
1048 964 1189 1024 detexerit
1204 970 1232 1023 et
1247 962 1277 1022 in
1294 970 1429 1039 apertum

147 1071 312 1150 protulerit,
337 1071 467 1132 maxime
488 1072 646 1132 Plutarcho
671 1092 786 1132 morum
813 1071 1032 1133 studiosissimo
1057 1068 1256 1146 investigatori
1281 1066 1430 1146 placuisse

146 1177 363 1239 existimandus
379 1185 433 1239 est.
471 1178 607 1238 Ceterum
625 1179 835 1256 Theopompus
852 1199 918 1238 vere
933 1178 1092 1238 historicus
1109 1185 1154 1237 est
1169 1196 1264 1254 neque
1280 1183 1311 1234 ut
1328 1175 1429 1251 stirpis

148 1285 276 1363 scriptor
293 1304 399 1357 mores,
417 1285 520 1362 quales
537 1286 671 1359 fuissent,
690 1285 832 1363 depinxit,
851 1287 902 1346 sed
918 1305 964 1348 res
982 1293 1010 1346 ct
1023 1287 1108 1359 lacta,
1126 1284 1232 1364 quibus
1249 1283 1279 1342 hi
1292 1281 1430 1361 cognosci

151 1398 284 1471 possent,
311 1391 447 1468 prodidit.

256 1499 310 1558 His
327 1501 363 1558 de
379 1499 478 1559 causis
495 1499 583 1560 etiam
600 1501 637 1559 ad
653 1500 806 1562 Demosth.
826 1501 914 1562 vitam
932 1500 994 1559 eius
1011 1492 1174 1557 Φιλιππικὰ
1191 1506 1334 1576 usurpata
1350 1504 1428 1586 sunt.

149 1607 186 1665 Et
211 1608 320 1685 septies
338 1609 456 1686 quidem
472 1609 648 1669 nominatim
665 1611 793 1683 affertur,
820 1617 971 1687 praeterea
987 1608 1164 1687 quibusdam
1180 1607 1352 1682 fragmentis
1369 1606 1429 1682 (ap.

147 1715 322 1774 Muellerum
339 1716 372 1775 fr.
387 1715 415 1774 11.
428 1716 477 1775 Gr.
491 1715 501 1773 l
516 1718 577 1776 258
597 1715 675 1794 sqq.)
693 1718 770 1776 velut
787 1716 893 1794 quibus
910 1718 1061 1794 depugna
1078 1714 1278 1776 Chaeronensi
1295 1712 1429 1786 traditur,

148 1841 219 1882 cum
234 1821 384 1881 Plutarchi
402 1821 569 1882 narratione
585 1829 646 1882 tam
662 1823 852 1899 congruentia
872 1825 1046 1897 rclcruntur,
1072 1830 1103 1883 ut
1127 1823 1174 1882 hic
1199 1822 1286 1883 etiam
1311 1820 1430 1899 saepius

149 1927 309 1987 Plutarcho
334 1928 401 1987 usui
426 1928 518 1988 fuisse
541 1928 681 1990 videatur.

258 2034 359 2111 Neque
388 2056 456 2095 vero
480 2035 509 2095 in
534 2036 649 2095 decimo
673 2036 756 2111 libro,
782 2037 866 2096 cuius
891 2046 1005 2114 partem
1029 2037 1177 2114 quandam
1201 2038 1236 2095 de
1260 2034 1430 2110 demagogis

148 2141 247 2216 egisse
271 2141 378 2201 Athen.
403 2141 440 2200 lV
466 2144 527 2202 166
552 2143 577 2201 D
601 2150 629 2202 et
654 2143 815 2203 scholiasta
838 2143 959 2203 Luciani
984 2143 1060 2202 Tim.
1086 2162 1111 2202 c.
1139 2146 1177 2202 29
1203 2149 1337 2203 auctores
1362 2149 1431 2202 sunt

149 2247 200 2321 (cf.
225 2247 329 2306 Mtiller
353 2249 456 2324 fragm.
480 2249 491 2306 1
516 2268 543 2325 p.
571 2252 632 2310 293
658 2251 804 2323 01294),
838 2250 1031 2322 Plutarchus,
1065 2270 1139 2327 quae
1169 2271 1204 2310 ex
1229 2269 1262 2309 00
1287 2249 1316 2308 in
1341 2249 1430 2310 vitam

147 2354 356 2414 Demosthenis
381 2356 595 2433 transscripsit,
619 2356 742 2430 invenit,
773 2356 840 2416 licet
870 2356 920 2416 1110
944 2356 1019 2416 libro
1043 2358 1079 2415 de
1103 2355 1236 2434 pristinis
1260 2355 1430 2431 demagogis

147 2460 293 2534 (Cimone,
326 2462 534 2535 Themistocle,
566 2463 703 2536 Aristide,
733 2465 853 2538 Pericle,
884 2464 1001 2536 Cleone,
1031 2463 1212 2539 Hyperh⁰l⁰,
1241 2462 1429 2534 Alcibiadel,

146 2567 281 2644 reliquis)
299 2567 532 2644 digressionibus
549 2570 634 2630 sactis
651 2571 819 2631 accuratius
833 2579 1035 2648 exponeretur.
1071 2570 1180 2630 Contra
1192 2570 1221 2630 iu
1234 2568 1431 2635 Demosthene

146 2674 270 2733 dubium
288 2694 344 2735 non
363 2684 416 2749 est,
442 2676 512 2754 quin
531 2677 752 2755 Theopompus
771 2698 839 2737 cum
856 2679 906 2738 ille
923 2679 952 2738 in
969 2677 1121 2754 republica
1137 2677 1266 2755 primum
1283 2676 1429 2754 apparuit,

147 2781 238 2841 vitam
255 2782 318 2842 eius
336 2783 438 2860 paucis
452 2785 642 2857 adumbrarit,
661 2785 765 2844 deinde
783 2805 837 2845 suo
850 2805 966 2863 quoque
986 2786 1059 2857 loco,
1085 2784 1317 2861 quotiescunque
1328 2784 1432 2845 Demo·

147 2889 268 2948 sthenes
293 2890 381 2949 rebus
405 2890 545 2963 interfuit,
571 2891 679 2951 diserte
702 2892 765 2952 eius
790 2894 935 2952 factorum
960 2892 1138 2952 mentionem
1161 2891 1269 2951 lecerit.

255 2997 373 3056 Praeter
398 2997 625 3075 Theopompum
649 3018 684 3058 ex
709 2999 811 3059 multis
836 3008 863 3060 et
887 3001 997 3078 apertis
1027 3007 1054 3059 et
1085 2999 1291 3059 remotioribus
1315 2997 1431 3057 indiciis

147 3103 338 3162 rnarrilestum
363 3104 395 3162 111
419 3123 486 3162 eum
502 3104 764 3165 Demosthenis
788 3107 936 3166 orationes
958 3114 1016 3166 tres
1041 3106 1193 3182 diligenter
1217 3107 1429 3182 perlustrasse:

146 3211 183 3268 dc
208 3229 327 3282 corona,
353 3217 456 3269 contra
477 3211 637 3288 Aphobum
655 3212 790 3289 primam,
817 3222 919 3274 contra
935 3214 1069 3286 Midiam3
1093 3213 1149 3272 hae
1173 3213 1330 3285 orationes,
1357 3232 1431 3289 quas

149 3318 225 3375 Plut.
253 3316 316 3375 sine
347 3317 435 3376 dubio
464 3318 522 3376 iam
551 3320 662 3378 dudum
693 3319 722 3378 in
752 3319 861 3380 scholis
886 3328 1060 3396 cognoverat
1084 3328 1112 3379 et
1135 3322 1356 3392 decantaverat,
1389 3319 1430 3377 in·

146 3422 251 3500 primis
275 3423 397 3484 idoneae
429 3432 513 3497 sunt,
547 3427 653 3502 quibus
687 3447 830 3504 expressa
854 3427 963 3486 summi
987 3427 1111 3486 oratoris
1136 3427 1246 3502 effigies
1271 3427 1300 3485 in
1324 3427 1430 3486 animis

145 3529 300 3593 alliciatur.
348 3530 412 3589 Hoc
438 3531 602 3608 praecipue
626 3533 704 3593 cadit
727 3533 757 3592 in
781 3553 822 3594 or.
848 3536 884 3593 de
908 3554 978 3606 cor„
1009 3556 1097 3612 quam
1128 3555 1186 3594 non
1212 3535 1308 3593 solum
1331 3553 1430 3592 rerum

148 3639 422 3712 cognoscendarum
447 3658 538 3698 causa
563 3639 754 3699 examinasse
777 3640 898 3714 videtur,
925 3643 976 3701 sed
1001 3650 1031 3702 ut
1055 3641 1196 3700 iudicium
1220 3641 1275 3700 sibi
1300 3642 1429 3716 tingeret,

149 3763 208 3820 quo
226 3744 314 3803 nixus
331 3746 473 3804 adversus
490 3746 675 3824 Theopompi
691 3747 890 3822 acerbitatem,
912 3749 986 3808 addo
1004 3756 1031 3807 ct
1047 3747 1203 3808 Aeschinis
1220 3748 1429 3820 cavillationes

148 3852 329 3910 confidenter
353 3872 485 3929 pugnare
509 3861 619 3930 posset.
653 3853 729 3913 Nam
753 3861 832 3914 certo
853 3854 946 3914 evinci
968 3862 1064 3933 potest
1085 3875 1152 3914 eum
1168 3854 1369 3914 Aeschinis
1386 3875 1428 3915 or.

147 3958 177 4015 in
191 3956 269 4019 Ctes
284 3958 356 4018 satis
375 3967 512 4018 accurate
528 3961 709 4035 adhibuisse,
727 3981 908 4038 quamquam
925 3970 956 4021 ut
973 3964 1087 4022 solebat
1103 3960 1222 4038 saepius
1239 3982 1292 4021 suo
1310 3963 1429 4022 arbitrio

145 4063 234 4123 nimis
251 4065 382 4126 indulsit.
417 4067 475 4126 Sed
492 4087 528 4126 ne
543 4068 702 4127 Plutarcho
725 4067 848 4128 nimiam
872 4069 1016 4129 incuriam
1040 4069 1155 4128 crimini
1179 4070 1292 4144 11001115,
1319 4061 1429 4147 apertis

144 4171 261 4231 indiciis
292 4174 432 4233 docemur
461 4175 612 4234 nonnullis
643 4174 715 4233 locis
746 4182 774 4233 01
798 4175 1024 4252 Theopompum
1048 4176 1205 4236 Aeschinis
1239 4176 1268 4235 in
1299 4177 1428 4252 vestigiis

145 4287 233 4351 stare,
259 4280 344 4352 (0.4,
366 4280 639 4352 1410180111,
672 4279 780 4357 quibus
804 4282 839 4340 de
868 4281 940 4341 locis
966 4301 1020 4341 suo
1045 4289 1177 4359 tempore
1191 4282 1347 4342 dicendum
1364 4283 1427 4346 erit.

144 4387 261 4447 Etenim
285 4406 407 4464 prorsus
432 4388 602 4448 incredibile
626 4397 671 4448 est
694 4389 887 4448 Plutarchum
917 4389 945 4448 in
976 4410 1011 4449 ea
1035 4397 1117 4467 parte
1141 4389 1225 4463 vitae,
1251 4409 1327 4466 quae
1349 4389 1427 4448 baud

143 4493 232 4560 dubie
254 4514 289 4557 cx
306 4495 389 4560 Dem.
408 4503 444 4560 et.
462 4493 569 4560 Aesclr.
595 4503 669 4560 orat.
688 4495 931 4575 Theopompique
954 4495 1078 4567 historia
1101 4498 1227 4565 contlata
1251 4504 1304 4571 est,
1330 4494 1428 4573 ipsum
