3164 5182
598 363 809 438 ..21-

59 561 265 632 sequerentur,
296 572 371 629 quae
398 551 446 610 hic
475 550 504 609 in
528 547 633 611 horrea
658 570 712 610 sua
735 550 885 625 diligentia
908 547 1057 611 laboriosa
1080 547 1264 620 condiderat,
1293 567 1340 613 ex·

60 663 232 734 scriberent,
258 660 321 720 eius
344 678 453 719 nomen
477 658 583 718 addere
607 653 871 734 supersederent¹).
912 657 1016 732 Satyro
1040 655 1106 732 ipso
1124 657 1160 715 ad
1176 654 1271 719 Alcib.
1289 655 1338 715 vit.

59 790 77 828 a
101 769 177 829 Plut.
202 775 345 844 usurpato
369 786 465 844 neque
488 785 616 844 usquam
640 765 749 826 diserte
772 764 924 826 nominato
949 765 986 824 ad
1008 763 1099 824 istam
1121 764 1254 839 regulam
1278 783 1340 842 per·

57 876 203 936 ducimur.

167 982 243 1056 Quid
267 984 345 1059 quod
369 989 397 1040 et
420 980 583 1040 necessitas
608 980 753 1056 quaedam
778 980 852 1040 inter
876 987 1031 1056 utramque
1059 979 1149 1039 vitam
1173 978 1339 1051 intercedit3

58 1093 138 1168 quod
163 1110 220 1167 quo
244 1089 401 1149 dilucidius
426 1089 485 1160 liat,
511 1088 696 1165 aliquantum
719 1088 918 1163 digrediamur
942 1093 1065 1164 oportet.

166 1197 266 1256 Prima
282 1195 361 1254 eriim
376 1196 465 1254 verba
481 1214 545 1271 cap.
562 1198 575 1256 1
592 1195 641 1254 vit.
659 1195 812 1254 Demosth.
831 1201 966 1271 spectant
982 1193 1046 1253 sine
1061 1194 1150 1253 dubio
1167 1195 1204 1254 ad
1220 1212 1340 1252 carmen

57 1303 217 1382 epinicium
243 1303 324 1376 illud,
350 1303 434 1362 cuius
459 1310 573 1380 partem
596 1303 672 1362 Plut.
691 1302 721 1361 in
737 1302 785 1366 vit.
803 1302 897 1362 Alcib.
916 1323 940 1362 c.
961 1306 996 1364 11
1023 1302 1129 1362 attulit.
1163 1301 1211 1375 At,
1235 1301 1342 1362 dixerit

57 1410 220 1487 quispiam,
256 1418 325 1470 tune
350 1429 443 1485 negas
467 1410 659 1470 Plutarchum
688 1409 761 1468 illud
785 1409 968 1486 epigramma
991 1408 1091 1486 ipsum
1114 1409 1144 1468 in
1167 1409 1341 1469 collectione

58 1517 285 1594 Euripideorum
308 1517 474 1600 carminum
498 1516 668 1593 possedisse
692 1523 720 1575 et
742 1515 790 1574 his
805 1516 879 1575 locis
896 1523 964 1592 apte
980 1517 1163 1577 collocasse?
1199 1516 1342 1593 Equidem

57 1644 143 1700 nego.
180 1624 256 1684 Nam
274 1625 402 1701 primum
420 1624 537 1700 quidem
555 1624 618 1700 ipse
634 1623 770 1695 haesitat,
795 1631 893 1682 utrum
911 1623 1058 1700 Euripidis
1084 1644 1121 1683 an
1138 1623 1214 1682 alius
1238 1631 1342 1700 poetae

58 1731 106 1791 sit.
147 1731 258 1791 Deinde
275 1752 299 1791 c.
320 1734 425 1792 1—12
444 1732 520 1790 vitae
535 1730 696 1790 Alcibiadis
722 1730 818 1806 Satyri
842 1731 1005 1790 maximam
1030 1739 1144 1808 partem
1168 1731 1341 1791 auctoritate

56 1839 111 1897 niti
136 1839 208 1897 mihi
233 1838 385 1915 probabile
409 1845 462 1910 est,
488 1857 671 1914 quamquam
694 1837 797 1896 Fricke
820 1839 839 1897 l.
857 1857 896 1897 m.
923 1858 951 1915 p.
978 1841 1016 1898 52
1046 1858 1105 1897 non
1130 1839 1229 1898 solum
1252 1839 1341 1898 Muel-

57 1947 154 2005 lerum
175 1945 371 2022 reprehendit,
398 1947 476 2021 quod
497 1945 522 2003 is
540 1944 570 2015 (l.
589 1965 628 2003 m.
647 1943 683 2002 lll
703 1943 776 2017 160)
798 1945 949 2004 relationis
966 1945 1109 2006 Athenaei
1121 1946 1172 2005 Xll
1189 1967 1217 2023 p.
1236 1949 1299 2008 534
1317 1947 1340 2006 B

57 2053 147 2112 nimis
164 2072 304 2128 magnam
321 2060 435 2129 partem
449 2051 554 2127 Satyro
571 2050 753 2123 adiudicarit,
772 2052 822 2110 sed
840 2051 928 2111 etiarn
944 2052 1103 2111 Plutarcho
1120 2053 1342 2131 exspectatione

57 2161 201 2237 majorem
219 2159 401 2235 diligentiam
418 2178 471 2218 nec
488 2158 677 2218 verisimilem
690 2178 744 2217 nec
761 2159 970 2232 necessariam,
988 2179 1055 2219 cum
1075 2161 1200 2220 aliorum
1217 2164 1342 2238 probata

58 2288 148 2345 opere
164 2268 221 2326 frui
234 2274 344 2343 posset,
369 2266 518 2341 largiatur.
556 2265 693 2325 Ceterum
708 2265 773 2342 ipse
784 2265 887 2326 Fricke
905 2267 1037 2326 concedit
1053 2268 1254 2341 Plutarchum,
1273 2287 1340 2328 cum
1412 2267 1416 2276 '

57 2397 83 2436 c.
112 2378 151 2436 13
177 2375 213 2435 ad
237 2395 284 2435 res
308 2375 345 2434 ab
369 2373 521 2433 Alcibiade
544 2373 575 2432 in
598 2373 750 2450 republica
779 2382 878 2448 gestas
911 2375 1156 2450 transgrediatur,
1192 2375 1340 2452 prioribus

58 2481 253 2560 scriptoribus
270 2486 450 2561 χαρακτῆρα
466 2480 693 2558 respicientibus
710 2481 819 2541 relictis
836 2483 873 2541 ad
886 2502 952 2541 vere
965 2483 1122 2543 historicos
1136 2503 1168 2543 se
1180 2482 1339 2560 applicare.

57 2591 213 2664 Quosnam
235 2589 322 2665 igitur
350 2595 486 2648 auctores
502 2588 549 2647 bis
566 2588 719 2647 duodecim
738 2588 884 2664 capitibus
901 2589 1081 2649 nominavit?
1117 2589 1339 2668 Antiphontem,

57 2697 314 2774 Theophrastum,
344 2695 485 2757 comicos,
533 2694 684 2754 Omnesne
708 2717 725 2755 a
749 2695 854 2772 Satyro
878 2704 1038 2773 usurpatos
1063 2717 1129 2756 esse
1157 2697 1340 2773 putandum?

57 2804 299 2880 Theophrastum
315 2802 434 2878 quidem
451 2801 476 2860 ei
493 2809 597 2860 notum
613 2801 705 2862 fuisse
725 2809 862 2880 apparet;
886 2810 1008 2880 uterque
1025 2803 1103 2862 enim
1121 2802 1338 2880 peripateticus

56 2919 182 2988 uterque
197 2907 262 2988 περὶ
277 2909 477 2990 χαρακτήρων
492 2910 629 2987 exposuit
645 2910 763 2983 (Athen.
778 2911 814 2969 lV
829 2911 925 2984 locu,
943 2912 1047 2970 Mu'ller
1064 2911 1082 2969 f.
1100 2910 1128 2970 h.
1147 2911 1180 2971 G.
1198 2911 1234 2968 lll
1256 2908 1339 2982 159),

59 3027 211 3097 praeterea
235 3017 407 3093 fragmentis
432 3018 572 3076 docemur
596 3017 735 3094 Satyrum
757 3019 890 3078 moribus
914 3025 942 3077 et
963 3018 1054 3077 indoli
1072 3017 1264 3095 depingendis
1281 3037 1341 3077 non

57 3125 244 3186 mediocriter
268 3126 406 3184 idoneum
430 3124 531 3196 fuisse,
557 3144 645 3201 porro
669 3126 825 3186 duodecim
849 3126 906 3184 illis
931 3125 1035 3202 primis
1059 3125 1206 3202 capitibus
1226 3125 1340 3184 indoles

57 3242 86 3294 et
102 3242 209 3293 natura
227 3232 417 3309 potissimum
434 3231 595 3291 Alcibiadis
619 3233 784 3309 exponitur,
809 3234 935 3309 denique
950 3233 1129 3292 Plutarchus
1148 3232 1340 3310 Antiphontis

57 3349 86 3401 et
110 3341 292 3399 comicorum
317 3340 428 3416 scripta
450 3339 498 3398 vix
515 3339 653 3416 inspexit,
679 3359 746 3399 cum
764 3340 896 3416 SatyruS,
924 3340 1050 3416 scriptor
1071 3340 1188 3400 subtilis
1205 3348 1233 3400 et
1248 3359 1340 3417 apum

57 3450 186 3526 quadam
213 3449 367 3507 sedulitate
390 3447 563 3518 instructus,
588 3445 749 3505 decadem
773 3467 805 3506 re
829 3439 946 3522 egisset.

166 3554 242 3627 Quid
266 3563 376 3628 autem,
400 3554 506 3614 dixerit
530 3553 646 3630 aliquis,
671 3560 702 3612 tu
726 3555 761 3613 de
785 3574 819 3613 eo
844 3555 909 3613 loco
928 3553 1033 3626 (Alcib.
1051 3574 1077 3616 c.
1098 3554 1150 3626 10)
1174 3553 1337 3626 existimas

57 3683 148 3740 quem
171 3683 207 3721 ex
231 3663 313 3722 Dem.
339 3682 380 3722 or.
406 3661 535 3721 Midiana
557 3661 698 3719 haustum
722 3680 788 3720 esse
811 3661 876 3738 ipse
899 3661 976 3723 Plut.
1002 3667 1233 3722 commemorat?

166 3768 210 3827 Ac
222 3769 323 3828 Pricke
335 3769 453 3845 quidem
463 3769 520 3827 hoc
532 3788 568 3827 ex
582 3767 788 3843 Theophrasto
802 3769 979 3828 translatum
991 3789 1057 3828 esse
1070 3767 1247 3845 suspicatur,
1261 3767 1339 3829 iusta

57 3896 151 3936 causa
176 3876 291 3952 prolata
315 3877 413 3948 nulla3
438 3897 508 3935 nam
532 3876 590 3934 veri
615 3875 741 3935 similius
766 3883 845 3935 esset
868 3876 1060 3935 Plutarchum
1080 3874 1157 3935 hanc
1175 3874 1341 3934 orationem

57 3984 159 4060 ipsum
184 3983 354 4055 contulisse,
381 3983 490 4061 quippe
515 3983 617 4060 quiin
644 3982 717 4042 vitae
737 3982 945 4042 Demosthenis
970 4002 995 4045 c.
1023 3986 1062 4044 12
1088 4001 1175 4040 suum
1198 3980 1340 4040 iudicium

57 4089 99 4148 ita
123 4088 269 4161 adhibeat,
295 4096 407 4148 utnon
433 4090 528 4166 possit
552 4110 616 4150 eam
641 4109 700 4149 non
725 4090 841 4166 legisse.
878 4090 936 4150 Sed
952 4089 1024 4148 nihil
1048 4091 1155 4162 obstat,
1181 4088 1340 4166 quominus

57 4196 147 4256 etiam
164 4195 241 4255 hanc
258 4196 393 4255 notitiam
409 4198 446 4256 ad
459 4196 597 4273 Satyrum
610 4198 781 4257 referamus.
818 4197 914 4273 Satyri
930 4196 1008 4256 enim
1024 4195 1098 4255 vitas
1115 4196 1232 4272 amplas
1248 4194 1341 4254 fuisse

168 4348 188 4418 1)
207 4351 280 4403 ldem
299 4352 332 4404 H.
352 4352 459 4415 Peter,
484 4351 526 4404 die
545 4350 658 4416 Quellen
677 4350 820 4404 Plutarchs
840 4351 867 4404 in
890 4351 943 4405 den
962 4351 1144 4420 Biographien
1164 4351 1211 4404 der
1230 4351 1338 4413 Rorner,

57 4441 136 4495 Halle
157 4440 226 4492 1865
247 4457 273 4507 p.
295 4440 344 4492 1117
364 4444 391 4493 et
414 4457 499 4507 nuper
522 4440 619 4504 Geor,
646 4441 678 4492 de
698 4439 795 4493 iontib.
815 4441 884 4493 Plut.
905 4441 930 4493 in
950 4441 996 4494 vit.
1016 4440 1208 4504 Gracchorum,
1229 4440 1339 4507 heyden

57 4549 85 4601 p.
106 4530 148 4593 53,
169 4535 195 4582 et
215 4529 259 4582 alii
279 4534 386 4597 praeter
405 4530 456 4582 hos
476 4530 600 4585 homines
620 4529 693 4583 docti
712 4530 970 4584 animadverterunt.
1078 4561 1080 4564 >
