3164 5182
606 364 818 438 ..29..

735 591 833 651 Schol.
860 594 923 652 cod.
942 593 1024 653 coisl.
1042 594 1079 653 ad
1095 593 1203 655 Aesch.
1223 598 1250 667 1,
1273 596 1344 668 126,

283 699 360 762 Plut.
386 717 411 761 c.
435 701 468 758 4:
734 719 776 758 or.
802 699 860 763 Att.
890 701 965 763 edid.
997 700 1096 761 Baiter
1123 709 1150 760 et
1179 702 1299 779 Sauppe
1323 703 1346 761 ll

885 827 931 883 με.
956 813 995 868 22
1020 810 1039 867 b
1065 810 1104 868 28
1130 829 1194 886 sqq.

118 934 143 991 1.
168 921 203 1011 ἦν
218 925 250 986 δὲ
266 921 282 987 ὅ
299 921 342 994 Β,
367 921 407 995 ὡς
431 927 483 1008 μὲν
506 922 573 984 ἕνῑθί
596 943 683 1008 φασιν
780 928 808 990 l.
832 922 996 1013 ὠνομάσθη
1013 927 1045 989 δέ
1060 948 1146 1014 μασιν
1170 923 1197 989 οἱ
1220 931 1272 1012 μὲν
1288 925 1347 990 ἀπὸ

69 1029 203 1118 αάλητης
214 1042 269 1093 τῶν
281 1035 475 1112 κατεαγότων,
487 1051 515 1092 κ.
528 1030 685 1114 δραμάτιον
735 1029 873 1094 Βατάλου
897 1029 1027 1120 αῦλητοῦ
1042 1034 1182 1118 μαλακοῦ

69 1137 112 1211 εἰς
134 1149 217 1201 τοῦτο
240 1138 392 1223 κωμῳδῶν
409 1133 495 1200 αῦτὸν
511 1134 685 1223 Ἀντιφάνης

70 1249 228 1332 πεποίηκεν

117 1377 147 1438 2.
164 1371 229 1434 ’ένιοι
246 1371 277 1432 δέ
292 1391 363 1440 τινες
375 1367 416 1441 ὡς
427 1379 547 1456 ποιητοῦ
559 1374 687 1457 τρομερὰ
782 1374 811 1436 2.
836 1365 862 1431 oi
886 1370 918 1432 δὲ
946 1369 1005 1434 ἀπὸ
1035 1380 1154 1458 ποιητοῦ
1184 1375 1349 1453 κατεαγότα

68 1503 98 1544 κ.
107 1481 242 1562 παροίνια
250 1483 412 1566 γράφοντος
423 1487 472 1539 τοῦ
485 1475 518 1538 B.
529 1481 687 1563 μέμνηνται
735 1480 890 1562 κροῦματα
912 1480 1103 1564 γράφοντοςῙ)

117 1608 146 1670 3.
171 1604 252 1666 δοκεῖ
274 1603 305 1664 δέ
328 1624 356 1664 κ.
380 1613 435 1664 τῶν
455 1591 513 1664 οῦκ
537 1597 686 1685 εῦπρεπῶν
781 1606 810 1668 3.
835 1599 889 1664 eloi
904 1599 928 1663 δ’
948 1600 976 1664 οἳ
990 1603 1118 1684 parator
1133 1608 1350 1691 προσηγόρευον

69 1735 96 1775 τι
111 1712 260 1797 λεχθῆναι
274 1719 324 1773 τοῦ
337 1714 474 1794 σώματος
486 1711 594 1793 μορίων
605 1712 686 1791 παρὰ
734 1711 782 1771 τὸν
805 1712 947 1792 πρωκτόν.

69 1829 131 1891 τοῖς
144 1817 289 1889 Ἀττικοῖς
303 1822 365 1880 τότε
382 1816 543 1878 καλεῖσθαι
558 1815 686 1898 βάταλος

140 1960 143 1967 ’
179 1967 301 2026 Restant
331 1965 419 2023 verba
445 1960 496 2018 καὶ
526 1956 684 2042 δραμάτιον
711 1953 751 2029 εἰς
780 1965 863 2020 τοῦτο
890 1957 1042 2042 κωμῳδῶν
1066 1955 1152 2022 αὐτὸν
1176 1956 1351 2048 Ἀντιμάνης

69 2071 242 2153 πεποίηκεν;
268 2074 319 2132 sed
343 2080 370 2130 et
393 2071 466 2130 haec
490 2070 613 2129 forsitan
637 2089 705 2128 cunr
729 2071 787 2131 alia
810 2071 942 2129 eiusdcrn
966 2072 1030 2133 cod.
1055 2073 1168 2132 coislin.
1193 2083 1292 2134 annot.
1314 2077 1351 2134 ad

71 2200 115 2240 or.
143 2185 170 2252 1,
199 2183 259 2239 126
285 2180 374 2238 allata
399 2177 599 2236 consentiunt:
625 2170 705 2233 δοκεῖ
729 2171 761 2234 δέ
784 2193 832 2256 μοι
854 2171 1002 2256 λελέχθαι
1026 2177 1108 2256 παρά
1130 2178 1162 2236 τὸ
1187 2172 1350 2248 Εὐπόλιδος

69 2292 210 2366 σκῶμμα,
234 2287 393 2345 dunnnodo
410 2285 472 2345 fieri
495 2272 628 2362 potuisse
653 2287 806 2359 concedas,
831 2295 862 2345 ut
879 2287 1028 2345 Plutarchi
1045 2296 1094 2345 aut
1111 2290 1350 2349 conuocatatoris

71 2414 170 2453 errore
193 2414 301 2453 nornen
325 2400 427 2470 poetae
451 2392 687 2451 confunderetur.

180 2528 261 2599 Quae
277 2526 387 2585 Deinde
403 2526 480 2588 Plut.
498 2526 579 2584 nullo
601 2526 688 2584 inodo
712 2526 747 2584 ad
773 2525 854 2601 prius
879 2525 1029 2603 incepturn
1053 2528 1238 2587 concinentia
1262 2531 1350 2589 hahet

72 2635 109 2693 de
133 2633 307 2708 cognomine
329 2623 442 2710 Ἀργᾶς
464 2631 656 2691 Demostheni
680 2632 802 2706 tributo,
836 2635 937 2692 eadent
966 2655 1002 2694 ex
1027 2635 1147 2693 scholiis
1173 2637 1350 2711 profluxisse

73 2743 200 2800 fortasse
223 2740 362 2812 conicias,
388 2739 414 2798 si
437 2739 612 2798 contuleris:

737 2871 764 2922 et
788 2864 880 2924 schol.
906 2867 968 2925 cod.
995 2866 1108 2940 coislin,
1134 2868 1170 2926 ad
1195 2886 1236 2926 or.
1261 2873 1288 2939 2,
1308 2872 1348 2930 99

774 2971 827 3043 (or.
852 2971 912 3031 Au.
938 2972 961 3030 ll
986 2994 1013 3050 p.
1041 2977 1081 3033 33
1107 2975 1133 3032 b.
1162 2977 1201 3033 33
1226 2975 1304 3051 apul

121 3095 148 3158 1.
179 3088 195 3154 ὁ
220 3087 244 3152 δ’
265 3088 379 3174 Ἀργᾶς
410 3127 446 3136 -
476 3087 607 3175 ἢπρδς
632 3091 687 3150 τὸν
783 3087 1355 3178 1.ἀργάςδέκαλεῖταιόόμις(παρά“

71 3204 211 3284 τρόπον
241 3196 282 3270 ὡς
305 3198 478 3284 θηριώδη
501 3218 530 3258 κ.
553 3199 687 3279 πικρὸν
736 3193 911 3282 Δωριεῦσιν).
950 3199 1033 3260 θέλει
1056 3197 1104 3263 οῦν
1128 3197 1215 3264 αάτδν
1238 3197 1351 3287 όμιῶδη

72 3304 238 3392 ἐτέθητδν
253 3310 317 3389 γάρ
334 3304 409 3392 όγοιν
421 3303 487 3367 ἔνιοι
497 3315 552 3366 τῶν
564 3313 689 3388 ποιητῶν
738 3307 798 3366 τὸν
820 3327 835 3365 τ
843 3308 957 3387 ρόπον
980 3327 1007 3367 κ.
1025 3301 1109 3369 οἱονεὶ
1133 3307 1306 3394 θηριώδη
1322 3328 1350 3368 κ.

287 2936 363 2995 Plut.
389 2955 414 2996 c.
440 2937 473 2995 4:

73 3412 167 3497 ἀργᾶν
190 3411 387 3498 ὀνομάζουσιν·
449 3445 452 3448 ’
739 3408 999 3494 ἀπάνθρωπον

120 3541 149 3604 2.
173 3535 192 3622 ἢ
216 3559 237 3600 π
245 3541 310 3621 ρδς
337 3537 533 3617 τὸνλόγον
564 3532 605 3606 ὡς
628 3532 689 3597 ἀνι·
784 3538 813 3603 2.
838 3535 947 3609 ἄλλως·
971 3534 1047 3610 εἶδός
1069 3561 1094 3601 τι
1117 3537 1213 3626 όμεως
1236 3537 1353 3624 ἀναιρε-

73 3657 150 3707 ῶντα
172 3647 239 3717 τοῦς
262 3642 469 3728 ἀκροωμένοις
738 3652 826 3704 τικοῦ·
856 3639 875 3728 ἢ
907 3640 923 3706 ό
951 3642 1047 3730 ἀργῶνΙ
1077 3645 1135 3710 ἀπὸ
1166 3659 1220 3711 τῶν
1244 3647 1352 3722 ἄλλων,

738 3755 890 3838 γράφων
913 3751 952 3812 δὲ
975 3753 1114 3834 λόγοος

120 3880 149 3945 3.
173 3879 236 3941 καὶ
263 3880 332 3962 γὰρ
353 3872 438 3960 Ἃρ*
455 3861 689 3958 αςτοῦνομα
784 3882 813 3947 3.
838 3876 858 3964 ἢ
882 3875 954 3941 ἀπὸ
982 3887 1139 3964 ποιητοῦ
1167 3878 1351 3963 καλοῦμένοο

73 3989 236 4072 ποιητὴς
259 3982 300 4071 ην
322 3989 444 4070 νόμων
468 3993 640 4069 πονηρῶν
660 4002 688 4043 κ.
740 3981 814 4048 οὔτω
838 3995 1013 4072 πονηροῦ.
1065 4048 1069 4056 ,

75 4090 282 4178 ἀργαλέων.

148 4257 287 4266 ...κ--ιημ-ι.

184 4356 207 4426 1)
227 4358 302 4427 Quae
321 4355 470 4423 scholiasta
490 4353 602 4426 praehet
630 4354 776 4424 depravata
804 4369 862 4408 esse
887 4358 913 4408 et
941 4351 1044 4424 aliquot
1064 4352 1153 4409 verbis
1180 4353 1353 4422 transpositis

75 4448 165 4503 sanari
185 4465 264 4518 posse
278 4450 409 4513 videntur,
430 4449 482 4501 hoc
496 4451 589 4501 ruoilo:
615 4445 727 4516 αῦληιοῦ
745 4447 888 4516 κατεαγότα
905 4445 1036 4515 κρούματα
1053 4446 1196 4530 γράφοντος,
1216 4442 1239 4496 οἱ
1258 4443 1284 4496 δέ
1304 4443 1351 4499 ἀπὸ

73 4548 178 4614 ποιητοῦ
197 4537 314 4610 μαλακοῦ
333 4537 456 4607 (Christ).
