3164 5182
781 336 994 404 ..42-

245 503 302 576 tat
325 509 474 576 Φιλίππου
498 515 585 599 χάριν
608 507 714 589 αὐτοὺς
737 511 910 591 ἀποδουναι,
943 515 975 601 2)
999 513 1038 579 ὧν
1062 512 1087 578 δ’
1109 510 1157 602 ὑφ’
1179 509 1259 600 ὑμῶν
1282 511 1427 602 ἠδίκηντο
1451 513 1525 602 δίκην

246 620 345 703 λαβεῖν
369 628 443 687 adde
467 630 483 697 ἓ
510 627 595 698 161.)

351 733 484 793 Alteram
498 733 674 793 sententiam
687 735 723 793 ad
737 734 966 811 Theopompum
976 736 1148 808 referemus
1166 733 1250 793 cuius
1267 754 1335 793 cum
1353 734 1455 794 verbis
1472 742 1525 793 tam

246 847 307 899 arte
331 840 477 912 cohaeret,
502 848 535 898 ut
558 840 694 899 divellere
717 861 784 901 eam
807 862 999 919 nequeamus

351 947 412 1006 Iam
435 966 503 1006 vero
527 948 564 1006 ad
588 967 656 1006 eum
679 949 779 1007 locum
800 949 980 1022 devenimus,
1006 950 1056 1026 qui
1072 949 1280 1023 indagantibus
1296 948 1397 1021 nobis,
1424 948 1525 1024 quibus

245 1054 422 1114 Plutarchus
452 1055 583 1113 fontibus
608 1054 733 1128 nitatur,
764 1075 857 1131 paene
885 1056 1138 1133 inexsuperabiles
1173 1055 1361 1115 difficultates
1395 1055 1526 1115 obstruit.

245 1161 477 1238 Theopompi
503 1162 582 1221 enim
606 1163 781 1235 auctoritati,
808 1163 858 1240 qui
882 1164 927 1222 bis
944 1165 1051 1223 allatus
1074 1164 1170 1239 priore
1186 1163 1305 1239 quidem
1326 1163 1394 1220 loco
1412 1163 1527 1239 propria

244 1268 332 1329 habet
356 1269 417 1328 sive
440 1271 540 1347 qualia
563 1272 641 1346 apud
673 1272 788 1330 nullum
812 1273 902 1332 alium
928 1273 1105 1349 scriptorem
1133 1271 1307 1341 invenimus
1340 1269 1437 1329 altero
1469 1271 1527 1328 loco

246 1380 283 1449 (c.
304 1379 342 1437 18
360 1378 448 1449 extr.)
472 1379 546 1437 tales
570 1398 667 1437 resse
691 1380 796 1438 debere
812 1380 990 1439 Plutarchus
1014 1380 1123 1438 diserte
1139 1377 1297 1454 praedicat,
1323 1378 1430 1453 quales
1456 1378 1527 1454 apud

243 1483 423 1544 Aeschinem
447 1484 617 1544 etiamnunc
642 1493 759 1545 exstare
783 1488 924 1550 videmus.
972 1487 1031 1546 Res
1055 1487 1138 1562 ipsas
1163 1492 1396 1561 perscrutemur.
1437 1485 1528 1560 Atque

244 1598 277 1650 ut
293 1591 402 1664 statim,
429 1611 572 1668 quorsum
588 1593 721 1667 quaestio
739 1602 860 1670 spectet,
886 1601 1036 1671 appareat,
1062 1601 1130 1653 ante
1146 1592 1246 1651 omnia
1262 1592 1423 1650 alteram
1442 1592 1529 1651 Theo·

246 1698 346 1774 pompi
363 1699 540 1758 sententiam
552 1700 723 1759 examinare
735 1701 830 1764 liceat.
857 1702 922 1774 Qui,
941 1722 1009 1760 cum
1021 1700 1163 1759 iudicium
1175 1701 1210 1758 de
1223 1699 1437 1758 Demosthenis
1456 1700 1528 1775 apud

246 1803 404 1863 Thebanos
429 1806 594 1865 actionibus
624 1807 749 1880 tulisset,
782 1809 854 1868 haec
882 1810 942 1868 fere
973 1809 1001 1867 in
1027 1816 1157 1867 extremo
1184 1806 1379 1882 proposuisse
1404 1807 1527 1866 videtur:

239 1901 479 1968 ,ἐδυνάστευεν
495 1905 606 1978 ἀδίκως
621 1909 673 1969 καὶ
688 1905 758 1992 παρ’
773 1907 865 1983 ἀξίαν,
890 1915 1067 1991 quibuscum
1089 1905 1123 1993 et⁷
1133 1913 1336 1972 antecedentia
1352 1916 1446 1973 verba
1463 1934 1529 1973 con·

245 2016 364 2092 iungere
388 2039 487 2078 rerum
511 2040 588 2078 nexu
613 2020 754 2094 cogimur,
789 2041 971 2097 quamquam
996 2021 1059 2079 sine
1082 2020 1180 2093 dubio,
1212 2021 1290 2096 quod
1314 2021 1530 2080 Demosthenes

193 2177 196 2179 a
247 2125 294 2183 his
308 2126 403 2200 magis
416 2127 553 2185 laudatur
569 2146 659 2203 quam
676 2128 907 2204 reprehenditur,
932 2149 970 2187 ne
986 2129 1081 2187 solum
1096 2128 1325 2204 Theopompum
1338 2128 1531 2187 Plutarchum

210 2242 213 2246 ⁴
245 2232 442 2308 exscripsisse
458 2242 605 2310 putemus
625 2234 822 2309 prohibemur.
849 2235 905 2294 Sed
926 2237 962 2294 de
979 2235 1025 2294 his
1044 2242 1164 2311 postea3
1181 2254 1261 2294 nunc
1276 2236 1403 2294 doceam
1419 2243 1532 2312 oportet

246 2341 425 2400 Aeschinem
448 2342 551 2399 eadem
574 2341 669 2400 fusius
695 2345 724 2414 3,
744 2345 805 2405 145
831 2343 990 2419 opprobrio
1014 2344 1084 2401 dare
1107 2342 1314 2402 Demostheni:
1340 2336 1481 2420 δεότερον
1504 2337 1531 2397 δὲ

246 2440 378 2527 ἀδίκημα
394 2439 540 2528 ἠδίκησεν,
562 2439 604 2504 ὅτι
619 2445 650 2504 τὸ
668 2441 870 2527 βουλευτήριον
887 2445 918 2503 zc-
931 2453 984 2528 της
994 2443 1109 2513 πόλεως
1121 2463 1149 2504 κ.
1162 2446 1213 2527 τήν
1224 2442 1430 2528 δημοκρατίαν
1444 2442 1532 2528 ἄρδην

245 2548 355 2612 ὲλαθεν
378 2545 557 2636 ὑφελόμενος
579 2571 607 2611 κ.
632 2555 805 2635 μετήνεγκεν
825 2546 856 2620 ἐς
873 2547 977 2634 Θήβας
1000 2545 1040 2620 εἰς
1055 2553 1106 2634 τήν
1122 2547 1277 2634 Καδμείαν
1300 2546 1460 2612 κοινωνίαν
1483 2561 1533 2612 τῶν

245 2656 377 2740 πράξεων
388 2665 448 2727 τοῖς
461 2654 665 2741 Βοιωτάρχαις
678 2658 866 2740 συνθέμενος.
878 2659 930 2718 καί
942 2656 1117 2742 τήλικαότην
1131 2653 1219 2728 αὐτὸς
1231 2652 1309 2738 αυτῷ
1323 2656 1533 2720 δυναστείαν

245 2765 467 2836 κατεσκευασεν,
483 2761 549 2825 ὥστ’
565 2763 622 2850 ήδη
639 2767 749 2844 παριὼν
765 2760 812 2824 ἐπί
828 2767 859 2825 τὸ
876 2765 968 2850 βημα,
985 2765 1169 2847 πρεσβεόσειν
1182 2767 1233 2847 μὲν
1252 2762 1309 2849 ἔφη
1322 2760 1390 2826 ὅποι
1402 2761 1440 2826 ἂν
1459 2761 1532 2847 αυτῷ

246 2870 330 2952 δοκή,
354 2867 410 2931 κάν
433 2873 475 2955 μή
492 2866 573 2952 ὑμεῖς
590 2866 768 2955 ἐκπέμπητε,
793 2865 817 2931 εί
834 2870 865 2932 δέ
881 2892 921 2941 τις
938 2867 1016 2952 αυτῷ
1032 2881 1087 2932 τῶν
1104 2881 1272 2956 στρατηγῶν
1288 2868 1425 2944 ἀντείποι,
1447 2892 1533 2934 κατα·

248 2976 444 3061 δουλοόμενος
467 2979 534 3047 τοὺς
557 2976 705 3061 ἄρχοντας
728 2997 756 3039 κ.
780 2975 938 3048 συνεθίζων
961 2977 1052 3062 μηδὲν
1068 2973 1146 3059 αὐτῷ
1163 2976 1325 3057 ἀντιλέγειν,
1349 2977 1534 3040 διαδικασίαν

244 3083 302 3170 ἔφη
324 3087 443 3167 γράψειν
465 3095 505 3166 τῷ
530 3086 637 3170 βήματι
660 3087 735 3166 πρὸς
760 3087 792 3145 τό
808 3091 1000 3168 στρατήγεῖον.
1026 3089 1075 3161 (cf.
1096 3089 1203 3148 Aesch.
1222 3093 1251 3161 3,
1277 3092 1338 3149 220
1360 3122 1396 3128 -
1418 3080 1436 3146 ὁ
1455 3083 1533 3146 δυνα-

245 3193 351 3263 στεόων
371 3229 418 3265 -,
435 3200 463 3269 3,
483 3200 544 3256 233
563 3229 596 3236 -
616 3195 666 3275 τήν
682 3186 771 3253 abaco
788 3190 977 3267 dorestatae),
997 3196 1104 3271 quibus
1121 3203 1150 3255 et
1166 3197 1239 3256 haec
1256 3184 1405 3256 addenda:
1424 3197 1532 3256 Aesch.

246 3307 274 3374 3,
294 3306 369 3365 150:
388 3295 428 3368 ὡς
445 3294 470 3358 δ’
486 3293 520 3358 ου
536 3306 692 3381 προςεῖχον
708 3292 785 3378 αυτῷ
799 3293 825 3357 οἱ
841 3296 983 3380 ἀρχοντες
999 3291 1026 3357 οἱ
1042 3293 1071 3358 ἐν
1087 3306 1149 3368 ταῖς
1162 3295 1284 3382 θήβαις,
1300 3296 1382 3360 ἀλλὰ
1399 3301 1456 3360 καὶ
1472 3300 1534 3368 τοὺς

245 3409 421 3488 στρατιώτας
436 3407 503 3475 τοὺς
519 3401 675 3488 ὑμετέρους
697 3404 784 3465 πάλιν
808 3402 983 3487 ἀνέστρεψαν
1007 3400 1234 3489 ἐξεληλυθότας,
1255 3401 1304 3467 ἵνα
1327 3405 1533 3492 βουλευσησθε

245 3514 310 3594 περὶ
321 3522 373 3597 της
385 3507 511 3597 εἰρήνης,
527 3508 657 3574 ἐνταῦθα
669 3515 850 3572 παντάπασιν
862 3509 978 3596 ἔκμρων
989 3507 1099 3590 ἐγένετο
1115 3531 1143 3573 κ.
1159 3512 1319 3594 παρελθὼν
1331 3507 1379 3572 ἐπὶ
1391 3513 1424 3572 τὸ
1443 3513 1534 3598 βῆμα

244 3617 390 3700 προδότας
412 3620 479 3689 τοὺς
502 3616 697 3702 Βοιωτάρχας
720 3615 887 3678 ἀπεκάλεσε
911 3637 938 3678 κ.
962 3619 1081 3699 γράψειν
1104 3616 1161 3703 ἐ’μη
1185 3621 1321 3703 ψήφισμα
1344 3636 1373 3678 κ.
1398 3639 1421 3679 τ.
1448 3618 1478 3680 λ.

351 3731 476 3791 Restant
499 3731 546 3789 his
571 3751 637 3790 cum
655 3729 814 3788 Plutarcho
839 3729 954 3787 collatis
978 3730 1065 3789 haec:
1091 3720 1166 3786 atra
1190 3724 1222 3786 δὲ
1246 3728 1321 3808 μέγα
1344 3743 1372 3785 κ.
1397 3724 1534 3809 λαμπρόν

244 3829 338 3917 ἐμάνη
354 3835 386 3894 τό
402 3842 451 3895 του
467 3829 590 3917 ῥήτορος
605 3830 697 3915 ἔργον,
722 3828 794 3893 ὥστε
811 3833 858 3892 τὀν
882 3817 937 3913 μὲν
950 3828 990 3892 Φ.
1007 3827 1097 3902 εὐθὺς
1113 3827 1380 3917 ἐπικηρυκεόεσθαι
1397 3831 1534 3918 δεόμενον

244 3922 369 4025 εἰρήνης,
394 3936 490 4024 ὀρθήν
513 3939 545 4002 δὲ
568 3942 619 4023 τήν
639 3935 772 4000 Ἑλλάδα
788 3938 925 4017 γενέσθαι
948 3940 1000 3998 καί
1015 3938 1255 4024 συνεξαναστῆναι
1274 3940 1347 4021 πρὸς
1362 3942 1397 4000 τὸ
1414 3940 1534 4022 μέλλον.

245 4072 320 4128 quae
344 4073 379 4111 ex
402 4053 485 4111 Dem.
513 4054 562 4123 18,
589 4053 650 4111 218
677 4052 803 4111 conssata
833 4069 900 4109 esse
922 4050 1081 4110 verisimile
1111 4060 1168 4110 est:
1201 4043 1282 4108 ἀλλὰ
1305 4048 1364 4129 μην
1387 4042 1457 4117 οἵας
1481 4042 1534 4110 τότΙ

244 4150 322 4240 ἠφίει
345 4156 445 4238 φωνάς
461 4150 477 4215 ό
493 4150 533 4214 Φ.
550 4174 577 4214 κ.
594 4150 624 4215 ἐν
639 4149 714 4224 οἵαις
737 4151 772 4238 ῆν
794 4160 945 4236 ταραχαῖς
968 4148 1028 4213 ἐπὶ
1051 4155 1211 4233 τοότοις,
1237 4149 1272 4214 ἐκ
1295 4162 1350 4214 τῶν
1373 4149 1535 4216 ἐπιστολῶν

243 4271 298 4323 τῶν
321 4257 432 4322 ἐκείνου
456 4262 635 4346 μαθήσεσθε
659 4257 698 4322 ὧν
722 4256 762 4331 εἰς
786 4257 1010 4345 Πελοπόννησον
1034 4258 1167 4344 ἔπεμπεν.

351 4373 506 4432 Praeterea
530 4382 558 4432 et
581 4373 757 4433 Plutarchea
788 4372 852 4432 illa:
882 4363 922 4428 ἔτι
952 4377 1007 4429 τῶν
1037 4364 1186 4429 Φωκικῶν
1215 4369 1391 4448 τραυμάτων
1422 4379 1534 4452 νεαρῶν

244 4478 470 4560 παραμενόντων
486 4499 553 4542 cum
569 4480 743 4543 Aeschineis
760 4480 801 4553 (3,
824 4479 912 4551 llssl:
938 4468 972 4536 ου
995 4477 1051 4557 γάρ
1075 4469 1171 4560 ῥήτωρ
1188 4471 1379 4559 ἀστράτευτος
1395 4494 1425 4538 a.
1443 4475 1534 4540 λιπὼν
