3158 5152
678 355 893 430 ὴρο..

154 545 241 606 etiam
258 544 381 606 nomina
397 544 575 623 scriptorum
591 553 655 604 tum
671 546 730 604 fere
747 548 916 625 aequalium
935 555 999 607 tum
1016 545 1222 624 posteriorum.
1258 545 1338 609 Licet
1354 549 1435 612 enirn

153 652 606 731 Hermipp'usCallimaeheus
625 652 715 711 vitam
736 655 812 714 ultra
832 675 942 714 annum
955 656 1016 714 203
1031 654 1143 730 aliquot
1163 653 1250 713 annis
1269 658 1433 732 deduxerit,

152 759 284 820 Aristo
309 758 416 832 CeuS,
442 780 530 836 quem
553 759 620 818 inde
643 759 680 818 ab
704 779 782 818 anno
808 764 869 820 226
887 759 1150 837 Peripateticorum
1173 768 1317 821 rectorem
1341 765 1435 824 fuisse

152 866 331 944 accepimus,
356 867 427 926 flore
451 867 555 927 aetatis
579 866 615 925 de
630 866 829 926 Demosthene
853 888 928 944 quae
950 868 1013 927 eius
1035 868 1091 926 fide
1112 865 1246 926 nituntur
1270 870 1433 947 scripserit,

152 973 440 1047 EratostheneS,
466 974 516 1051 qui
532 993 610 1033 anno
629 976 689 1034 275
708 981 796 1033 natus
815 977 877 1035 194
894 975 1029 1046 decessit,
1055 973 1151 1051 prima
1174 975 1330 1049 iuventute,
1358 997 1434 1053 quae

152 1080 210 1140 huc
228 1081 382 1158 pertinent,
401 1079 626 1156 consignaverit,
644 1087 753 1153 tamen,
772 1080 797 1138 si
809 1080 1006 1157 Hermippum
1021 1101 1081 1139 non
1098 1089 1230 1140 extrema
1246 1091 1342 1142 aetate
1359 1085 1435 1144 vitas

151 1188 217 1248 illas
235 1188 441 1266 composuisse
452 1187 672 1259 crediderimus
690 1188 805 1246 eumad
817 1187 936 1245 illorum
948 1187 1039 1246 libros
1053 1207 1107 1247 sua
1120 1189 1316 1249 concinnasse
1328 1199 1435 1267 putare

150 1295 360 1360 dubitabimus,
389 1294 577 1372 Quamquam
593 1312 640 1352 me
655 1312 714 1352 non
732 1293 804 1368 fugit
820 1293 1046 1353 Eratosthenem
1063 1315 1179 1371 quoque
1196 1295 1434 1357 Callinracheurn

150 1402 243 1463 fuisse
266 1410 294 1462 et
312 1403 348 1462 ¹in
365 1402 492 1478 regenda
507 1400 686 1460 bibliotheca
701 1399 901 1459 Alexandrina
918 1399 1101 1460 Callimacho
1118 1403 1309 1476 successisse,
1336 1425 1434 1481 neque

150 1517 229 1570 esset
242 1529 294 1569 our
306 1509 485 1583 Aristonem,
504 1508 553 1585 qui
566 1508 631 1585 ipse
644 1488 760 1584 quoque
772 1507 1033 1584 Peripateticorum
1046 1508 1175 1567 familiae
1191 1509 1324 1568 addictus
1343 1518 1433 1584 esset,

152 1617 316 1695 Hermippo
330 1617 440 1694 scripta
453 1637 508 1676 sua
523 1615 720 1694 impertivisse
736 1617 805 1675 data
821 1634 910 1692 opera
922 1633 1069 1690 negarem,
1087 1615 1145 1674 nisi
1161 1615 1218 1675 alia
1234 1625 1360 1676 restaret
1378 1617 1433 1690 via,

152 1744 242 1801 quam
265 1733 297 1784 ut
320 1725 476 1800 ingrediar,
502 1723 635 1800 pluribus
659 1723 774 1782 indiciis
799 1742 897 1797 cogor.

257 1831 386 1907 Vestigia
409 1831 487 1890 enim
511 1838 655 1908 apparent
679 1830 831 1908 scriptoris
849 1830 1012 1903 cuiusdam,
1037 1829 1086 1906 qui
1103 1829 1177 1889 inter
1193 1851 1304 1890 annum
1324 1835 1385 1893 181
1405 1841 1433 1892 et

153 1939 235 1998 146a
251 1938 320 2001 Chr.
342 1959 371 1999 n.
389 1937 496 2011 floruit,
521 1945 549 1996 et
564 1936 827 2015 Peripateticorum
848 1937 995 1996 asseclam
1011 1936 1075 2013 ipse
1092 1957 1208 2014 quoque
1232 1959 1263 1997 sc
1288 1941 1432 2015 profitens

151 2045 361 2104 Demosthenis
385 2045 475 2104 vitam
499 2044 637 2105 condidit.

237 2207 239 2211 .
257 2152 334 2211 Nam
357 2153 457 2212 nescio
481 2173 539 2229 quo
555 2154 654 2212 favore
669 2153 804 2211 fortunae
819 2151 900 2228 Pspl.
920 2153 1011 2225 seta,
1037 2153 1086 2211 ubi
1103 2151 1176 2211 alios
1194 2152 1357 2228 scriptores
1375 2155 1431 2213 alia

149 2267 244 2318 morte
255 2258 485 2318 Demosthenem
498 2259 674 2318 occubuisse
689 2257 845 2318 tradidisse
862 2257 937 2318 mira
950 2260 1078 2335 quadam
1091 2259 1240 2334 diligentia
1253 2260 1429 2336 explicatur,

150 2366 306 2427 docemur:
338 2357 506 2443 Σάτυρος
539 2359 577 2421 δὲ
605 2357 621 2422 d
652 2361 894 2446 συγγραφεὺς
917 2363 964 2421 τὸν
987 2354 1125 2446 κάλαμον
1147 2363 1379 2447 πεφαρμάχθαι,
1408 2360 1430 2445 ᾧ

148 2470 267 2554 γράφειν
289 2465 398 2553 ἤρξατο
420 2469 471 2552 τὴν
495 2463 656 2553 ἐπιστολήν,
680 2463 714 2529 ob
737 2464 1098 2551 praeponderabat.
1134 2473 1312 2532 Plutarchus
1331 2482 1429 2533 autern

149 2599 175 2640 c.
190 2582 230 2640 29
242 2578 319 2639 hanc
331 2579 533 2639 narrationem
546 2587 664 2638 secutus
676 2578 886 2656 copiosiusque
898 2579 1107 2657 interpretatus
1121 2600 1145 2640 c.
1160 2583 1198 2640 30
1213 2579 1428 2639 Aristonem

150 2688 214 2749 eius
239 2688 280 2748 rei
304 2695 411 2748 testem
434 2689 577 2748 nominat.
614 2687 696 2761 Quae
713 2708 781 2747 cum
797 2687 837 2747 ita
854 2688 922 2760 sint,
948 2688 1070 2764 Satyrus
1087 2686 1159 2760 ¹sine
1175 2688 1262 2746 dubio
1279 2687 1428 2747 Aristonis

148 2796 271 2872 vestigia
295 2796 404 2874 pressit
428 2804 456 2855 et
480 2816 555 2872 quae
577 2795 625 2854 hic
648 2795 808 2854 tradiderat
831 2793 980 2870 adoptavit
1004 2802 1032 2853 et
1056 2793 1150 2853 fusius
1174 2794 1352 2870 explanavit.

256 2902 403 2976 Quoniam
419 2903 506 2978 igitur
519 2902 693 2980 scriptorem
704 2901 899 2978 repperimus,
917 2901 966 2978 qui
980 2901 1139 2978 scriptores
1152 2910 1219 2979 post
1231 2901 1429 2978 Hermippum

146 3010 295 3084 florentes,
319 3009 549 3070 Eratosthenem
561 3017 589 3068 et
605 3009 783 3081 Aristonem,
809 3008 978 3067 excussisse
998 3009 1119 3082 videtur,
1145 3010 1232 3067 refert
1248 3009 1428 3080 examinare,

147 3138 220 3178 num
244 3117 403 3176 Plutarcho
428 3117 526 3193 aliqua
550 3136 581 3175 re
606 3136 638 3175 se
661 3115 910 3174 commendaverit
934 3123 961 3174 et
985 3115 1042 3174 alio
1066 3116 1127 3175 iarn
1150 3116 1216 3174 loco
1240 3116 1308 3175 usui
1333 3116 1427 3175 fuerit.

148 3225 213 3308 Qua
235 3224 265 3284 in
288 3245 320 3284 re
343 3226 503 3284 dolendum
528 3231 581 3297 est,
607 3225 685 3299 quod
709 3225 746 3282 ob
763 3222 940 3300 paucitatem
957 3224 1189 3297 fragmentorum
1206 3243 1312 3300 parum
1329 3224 1427 3300 liquet,

148 3332 244 3408 qualis
261 3331 356 3391 fuerit.
397 3331 454 3390 Sed
471 3331 658 3409 praedicatur
681 3330 744 3390 eius
761 3329 895 3388 doctrina
911 3331 947 3388 ab
964 3330 1143 3406 Hieronymo
1168 3332 1203 3390 de
1227 3330 1296 3389 viris
1322 3330 1426 3390 illustr.

147 3438 446 3499 11822hocmddo:
471 3439 607 3497 Hortaris
632 3456 688 3510 me,
713 3445 746 3496 ut
766 3469 799 3477 —
820 3437 1038 3496 ecclesiasticos
1056 3437 1216 3514 scriptores
1240 3437 1270 3496 in
1294 3436 1428 3496 ordinem
1470 3454 1472 3467 ¹

147 3545 277 3621 digeram
292 3554 319 3605 et
333 3548 410 3623 quod
423 3547 471 3604 ille
483 3545 513 3605 in
530 3543 737 3606 enumerandis
754 3543 905 3618 gentilium
922 3544 1074 3604 literarum
1091 3545 1159 3604 viris
1173 3546 1239 3604 fecit
1251 3545 1427 3618 illustribus
1470 3574 1472 3591 ι

146 3672 199 3728 ego
210 3653 240 3713 in
252 3653 362 3713 nostris
375 3653 483 3713 faciam
500 3701 506 3714 .
522 3701 528 3714 .
544 3699 551 3714 .
568 3653 699 3712 fecerunt
716 3651 834 3728 quidem
849 3651 906 3710 hoc
922 3649 1000 3710 idem
1016 3653 1095 3728 apud
1106 3652 1234 3711 Graecos
1245 3651 1427 3730 Hermippus

149 3761 371 3839 peripateticae,
401 3793 435 3802 —-
464 3761 621 3837 Satyrus
645 3760 779 3818 doctus
803 3757 863 3817 vir.
893 3791 927 3797 —

253 3869 455 3946 Amplitudine
468 3877 566 3928 autem
578 3867 666 3927 huius
680 3866 755 3925 vitae
768 3857 844 3939 (Dior
855 3869 923 3921 τῶν
935 3856 1056 3931 ἐνδόξων
1068 3857 1192 3944 ἀνδρῶν)
1205 3865 1324 3925 fuerunt
1336 3874 1426 3941 tanta,

150 3984 179 4036 ut
192 3975 252 4036 iam
264 3977 437 4036 Heraclides
448 3977 586 4048 LembuS,
601 3974 690 4033 homo
703 3973 728 4033 ei
741 3973 939 4050 subaequalis,
952 3973 981 4032 in
993 3974 1201 4051 compendium
1212 3993 1261 4033 eas
1273 3974 1428 4049 redigeret.

146 4082 222 4155 Quid
238 4064 326 4144 vero?
355 4083 541 4157 Plutarchus
554 4082 603 4159 qui
617 4081 714 4157 Satyri
726 4100 874 4158 nusquam
888 4101 982 4158 neque
994 4081 1023 4141 in
1035 4082 1243 4141 Demosthenis
1256 4082 1316 4141 vita
1333 4103 1427 4160 neque

145 4189 176 4249 in
199 4190 257 4250 alia
279 4192 338 4251 vita
361 4192 542 4252 mentionem
566 4191 643 4263 facit,
669 4209 736 4249 eum
761 4189 930 4248 excussisse
954 4190 1168 4249 existimandus
1192 4193 1256 4248 est?
1290 4189 1336 4248 Re
1361 4210 1426 4250 vera

145 4297 202 4357 hoc
218 4298 272 4358 fuit
288 4299 409 4359 omnino
420 4300 609 4377 antiquorum
628 4317 727 4356 rerum
738 4297 925 4375 scriptorum,
944 4297 1080 4376 inprimis
1093 4296 1243 4357 Plutarchi
1259 4298 1424 4375 proprium,

146 4424 214 4465 cum
230 4407 361 4467 diversos
378 4408 550 4468 adhiberent
565 4414 700 4466 auctores
717 4413 753 4479 et,
772 4426 847 4482 quae
860 4426 876 4465 a
888 4405 1011 4481 singulis
1025 4406 1130 4464 tradita
1146 4413 1254 4479 esseut,
1272 4406 1424 4478 referrent,

145 4520 177 4573 ut
189 4513 272 4593 ipsos
284 4515 405 4575 laudare
418 4517 560 4588 solerent3
579 4515 630 4573 sed
643 4512 746 4587 eidem,
761 4531 829 4572 cum
841 4533 934 4573 unum
946 4513 1130 4592 eundemque
1143 4522 1295 4573 auctorem
1309 4515 1424 4592 longius
