3164 5182
683 379 717 393 ..
768 340 894 440 28⁵..

162 577 164 581 .
252 523 290 586 At
313 527 390 603 qum
413 525 517 587 deinde
539 527 626 589 tradit
650 548 773 604 puerum
789 526 1017 588 Demosthenem
1034 524 1221 602 elegantioris
1246 533 1277 585 et
1301 524 1426 602 ingenuo

148 652 238 709 puero
269 633 374 708 dignae
404 635 577 712 disciplinae
608 642 756 714 expertem
786 635 948 708 mansisse,
985 634 1141 696 manifesto
1183 642 1334 712 repugnat
1364 655 1428 694 cmn

147 740 229 801 Ilem.
257 745 305 816 18,
334 745 395 802 257
420 743 519 816 (265).

254 848 329 922 Quid
360 850 426 910 inde
457 849 676 928 colligendum?
723 851 912 910 Plutarchum
938 849 993 910 hac
1017 848 1046 908 in
1075 868 1106 908 re
1130 847 1219 908 alium
1244 849 1364 909 fontem
1389 869 1427 910 se·

146 961 247 1014 cutum
271 975 345 1021 esse.

253 1064 296 1122 Rc
311 1085 379 1124 vera
392 1065 521 1126 Aesclr,
541 1070 568 1139 3,
584 1070 644 1128 255
660 1067 795 1126 similiter
812 1066 895 1125 dicit:
913 1063 985 1131 τίνες
1001 1055 1080 1145 optor
1097 1055 1163 1121 εἰσιν
1179 1053 1206 1120 oi
1221 1059 1428 1146 βοηθήσοντες

146 1159 344 1249 Δηροσίλένει;
374 1171 494 1251 πότερον
518 1163 544 1229 οἱ
567 1173 776 1254 συγκυνηγέται
799 1165 818 1252 ἢ
842 1163 869 1229 ol
891 1168 1106 1250 συγγυμνασταὶ
1130 1161 1227 1235 αυτοῦ,
1259 1164 1302 1229 ὅτ’
1334 1165 1372 1254 ἡν
1402 1166 1428 1231 ἐν

146 1267 259 1356 ἡλικίης
283 1271 362 1336 ἀλλὰ
387 1278 429 1357 μά
452 1277 499 1336 τὸν
522 1271 579 1336 Δία
602 1278 649 1338 τὸν
671 1271 843 1360 Ὀλυμπιον,
875 1270 932 1359 oin(
955 1270 988 1346 ri<
1011 1271 1130 1357 ἀγρίους
1153 1285 1331 1360 κυνηγετῶν,
1365 1272 1430 1338 otas

145 1389 197 1464 της
219 1391 268 1442 του
292 1385 428 1465 σώματος
451 1377 561 1454 εὐεξίας
584 1379 810 1468 ἐπιμελουρενος
833 1381 1038 1450 διατετέλεκεν,
1063 1377 1130 1442 ἀλλ’
1152 1379 1292 1443 ἐπασκῶν
1322 1386 1431 1467 τέχνας

147 1482 193 1548 ἐπὶ
222 1489 289 1559 τοὺς
313 1492 366 1559 τάς
398 1485 498 1560 odota:
521 1495 719 1575 κεκτημένους
743 1496 838 1568 (videl.
864 1494 988 1566 tutores)
1018 1487 1220 1574 διαγεγένηται.
1268 1494 1365 1570 Atqui
1396 1516 1430 1554 ue

147 1599 254 1663 Aesclr.
280 1602 397 1678 quidem
427 1602 473 1661 lris
496 1603 592 1662 verbis
613 1623 680 1662 eum
711 1604 819 1663 artium
842 1602 1007 1661 liberalium
1029 1602 1130 1660 rudem
1153 1601 1245 1660 fuisse
1270 1600 1326 1674 ait,
1362 1601 1430 1678 quin

148 1707 236 1766 ctiam
260 1709 398 1767 extremis
429 1709 524 1768 verbis
552 1711 733 1771 contrarium
758 1710 912 1786 significat.
961 1709 1038 1767 Num
1062 1708 1149 1784 igitur
1172 1709 1248 1768 Plut.
1276 1709 1314 1768 ad
1342 1709 1431 1769 vitam

149 1815 327 1890 peculiarem
351 1818 519 1892 confugisse
543 1818 677 1878 videtur?
715 1818 754 1877 At
777 1817 897 1876 minime
922 1817 1053 1893 cogimur
1076 1817 1132 1874 hoc
1157 1815 1315 1892 suspicari,
1344 1819 1431 1875 modo

149 1929 318 1997 reputenms
350 1924 541 1985 Plutarchum
566 1945 654 2003 saepe
683 1945 736 1985 suo
767 1925 873 1984 iudicio
898 1925 985 1983 nimis
1009 1924 1154 1983 confisum
1178 1943 1224 1984 res
1248 1923 1381 2000 exiguas
1405 1924 1432 1984 in

149 2028 244 2087 maius
268 2030 396 2090 auxisse.
1101 2110 1104 2115 4

256 2137 354 2213 ltaque
371 2157 438 2197 cum
455 2157 496 2197 or.
515 2158 540 2198 c.
557 2139 674 2216 Aphub.
692 2141 712 2211 l,
738 2139 784 2198 cui
810 2160 841 2198 sc
865 2141 953 2216 paulo
978 2146 1064 2198 antea
1088 2138 1282 2212 adiunxerat,
1298 2139 1378 2199 haec
1395 2141 1434 2199 in·

150 2241 301 2303 venianms
320 2246 335 2315 ἓ
354 2248 409 2304 45;
436 2236 508 2302 ὥστε
532 2262 560 2303 κ.
583 2244 650 2313 τοὺς
674 2241 960 2313 διδασκάλουςτοιλς
983 2242 1109 2324 μισθοὺς
1132 2237 1327 2325 ἀπεστέρηκε.
1354 2248 1434 2307 Plut.

150 2348 232 2410 haec.
258 2352 321 2410 sine
344 2353 431 2412 dubio
456 2374 510 2413 suo
534 2355 653 2413 arbitrio
671 2355 879 2432 interpretatus
896 2363 956 2426 est3
981 2355 1057 2413 lianc
1074 2353 1102 2413 in
1120 2353 1299 2412 sententiam
1317 2362 1345 2414 et
1365 2375 1437 2414 voce

150 2449 248 2514 δοκεῖ
270 2461 465 2535 perducimur.

257 2566 381 2644 Reliqua
397 2589 432 2627 ex
449 2568 578 2629 Aesch.
598 2573 625 2642 3,
646 2573 706 2630 255
725 2571 855 2646 profecta
878 2589 944 2628 esse
967 2569 1124 2627 verisimile
1140 2575 1193 2631 est.
1227 2567 1315 2626 Unde
1333 2576 1438 2628 autem

151 2673 277 2747 prinram
302 2695 432 2748 causam,
458 2697 510 2735 cur
527 2669 663 2743 Βάταλος
679 2685 801 2736 vocatus
818 2677 864 2748 sit,
890 2677 1029 2749 hauserit,
1056 2677 1147 2734 nmlto
1164 2674 1316 2734 difficilius
1334 2676 1437 2747 dictu,

150 2801 220 2840 nam
236 2781 350 2840 etianrsi
368 2804 415 2860 ap
433 2784 539 2844 Aesch.
559 2788 587 2856 2,
607 2787 646 2844 99
665 2775 710 2862 (ἐν
727 2781 844 2841 παισίν
868 2776 911 2840 ὢν
934 2774 1054 2864 ἐκλήθη
1078 2773 1112 2839 δι’
1135 2773 1351 2861 αἰσχρουργίαν
1378 2782 1439 2841 τινὰΙ

149 2886 199 2944 καί
222 2884 362 2946 κιναιδίαν
378 2881 527 2968 Βάταλος)
550 2892 703 2964 habemus,
729 2912 764 2951 ex
786 2912 843 2968 (ruo
861 2892 931 2951 illud
949 2891 1045 2966 colligi
1062 2890 1164 2968 possit,
1190 2897 1290 2948 tamen
1317 2892 1440 2951 nullum

151 2998 240 3056 alium
266 2998 364 3056 locum
381 2999 554 3074 investigare
571 2999 661 3076 potui,
688 3019 744 3076 quo
761 3020 828 3058 eum
845 3000 921 3058 hanc
938 3018 1056 3075 quoque
1072 2997 1233 3056 orationem
1250 3006 1441 3058 accurate

151 3104 303 3164 excusisse
319 3107 475 3183 perspicue
491 3108 612 3166 eluceat.
648 3107 724 3165 Fieri
741 3107 827 3182 igitur
844 3114 949 3183 potest,
974 3114 1006 3165 ut
1030 3106 1059 3164 in
1084 3105 1175 3182 stirpe
1192 3104 1260 3162 talia
1277 3103 1439 3165 invenerit.

257 3213 389 3273 Alteram
414 3223 527 3291 partem
550 3215 639 3273 huius
663 3215 769 3290 capitis
793 3215 860 3272 inde
884 3236 901 3272 a
924 3213 1019 3273 verbis
1043 3205 1079 3292 ἦν
1103 3207 1134 3268 δὲ
1158 3202 1173 3268 ὁ
1193 3202 1336 3278 Βάταλος
1365 3255 1371 3268 .
1400 3256 1406 3269 .
1433 3260 1439 3272 ,
1466 3193 1469 3196 ⁴

151 3319 269 3379 aliunde
292 3322 480 3398 desumptam
504 3342 570 3381 esse
586 3322 742 3396 intelleget,
772 3321 906 3397 quisquis
931 3319 1154 3396 comparaverit,
1179 3338 1270 3394 quam
1296 3337 1371 3378 cum
1399 3320 1442 3379 eis

152 3445 226 3500 (puae
250 3429 426 3487 antecedunt
451 3449 509 3487 non
526 3428 670 3487 concinat.
711 3428 749 3486 Ut
765 3429 900 3504 exemplo
925 3434 999 3498 utar,
1026 3427 1171 3502 utromodo
1195 3426 1284 3483 verba
1303 3419 1395 3482 δοκεῖ
1411 3422 1442 3484 δὲ

151 3545 179 3586 κ.
203 3536 258 3587 τῶν
281 3523 336 3589 ουκ
360 3525 507 3612 εὐπρεπῶν
531 3552 555 3592 τι
577 3529 726 3615 λεγίληναι
749 3538 798 3590 τοῦ
822 3533 958 3613 σώματος
982 3531 1090 3612 μορίων
1113 3528 1194 3609 παρά
1209 3533 1268 3596 τοῖς
1285 3521 1442 3600 Ἀττικοῖς

150 3638 212 3695 τότε
237 3634 396 3697 καλεῖσθαι
419 3637 548 3718 βάταλος
572 3664 639 3702 cum
664 3664 755 3702 causa
776 3645 863 3719 paulo
881 3650 947 3701 autc
965 3642 1078 3718 prolata
1094 3637 1279 3698 conveniunt.
1323 3640 1442 3700 Deinde

152 3747 259 3805 mirum
283 3769 372 3824 (ruam
396 3749 494 3826 inepte
519 3759 546 3808 et
570 3750 744 3809 inconcinne
768 3750 814 3809 his
839 3749 969 3807 minutiis
992 3748 1176 3824 perturbetur
1192 3764 1292 3803 rerum
1310 3749 1389 3806 ordo
1407 3724 1466 3807 acl

152 3856 251 3915 series.
286 3857 366 3928 Quas
390 3857 581 3916 Plutarchum
598 3857 716 3932 quidem
732 3877 790 3915 non
808 3855 935 3932 undique
961 3850 1116 3928 collegisse
1140 3852 1205 3929 quis
1228 3853 1337 3925 neget‘l
1377 3853 1442 3913 lmo

152 3984 218 4022 vero
235 3963 356 4022 incurrit
372 3964 401 4023 iu
419 3972 547 4023 mentem
562 3965 667 4023 doctus
679 3965 767 4023 homo
780 3964 894 4040 generis
907 3961 1182 4032 Alexandrinorum,
1201 3959 1443 4021 scholiastarum

152 4092 233 4130 more
257 4072 285 4130 id
309 4071 467 4146 agentium,
492 4080 523 4131 ut
548 4072 635 4132 alicui
659 4074 724 4131 loco
748 4071 872 4131 alicuius
898 4069 1050 4146 scripturis
1075 4088 1163 4144 quam
1188 4065 1361 4127 clarissima
1388 4070 1442 4129 lux

152 4180 359 4239 attonderetur.
393 4180 519 4239 Revera
535 4180 608 4238 hacc
625 4179 755 4256 suspicio
781 4180 971 4238 confirmatur
995 4175 1173 4252 comparatis
1198 4173 1332 4247 scholiis,
1362 4196 1443 4253 quae

152 4287 215 4346 cod.
234 4287 458 4363 antiquissimus
475 4286 632 4346 Aeschinis
649 4286 783 4359 oratoris,
810 4267 1008 4344 Coisliuianus
1026 4285 1054 4354 l,
1081 4302 1168 4358 quem
1184 4280 1219 4339 X.
1238 4281 1353 4340 saeculi
1372 4304 1443 4343 esse

154 4401 266 4471 putant,
294 4394 413 4469 praebet
437 4395 473 4453 ad
497 4395 595 4452 locum
622 4396 648 4465 1,
677 4396 748 4466 126,
775 4393 824 4451 ubi
848 4413 903 4451 vox
920 4383 1058 4455 ’Βάταλος
1077 4388 1109 4448 'et
1126 4391 1154 4460 2,
1174 4390 1225 4459 99,
1243 4386 1294 4445 ubi
1310 4379 1443 4467 Ἀργᾶς,

153 4521 295 4581 quorsum
320 4521 452 4582 quaeque
477 4509 599 4578 spectet,
631 4502 733 4580 eodem
759 4503 816 4561 t'ere
842 4519 898 4579 (luo
923 4497 1000 4579 apud
1025 4497 1101 4557 Plut.
1126 4493 1227 4554 ordine
1251 4494 1442 4572 explicatur:
