3164 5182
762 303 981 370 *134

338 485 372 547 ll.
396 485 615 547 Demetrius
639 487 867 561 Phalereus,
893 486 1093 564 Theophrasti
1115 483 1289 563 discipulus,
1318 491 1388 545 tam
1414 487 1517 546 multos

233 593 324 653 libros
341 593 479 664 condidit,
504 601 535 651 ut
551 593 633 668 Diog.
651 594 747 656 Laert.
763 594 787 652 V
805 597 844 654 80
862 593 984 653 diceret:
1010 585 1129 674 Πλήθει
1152 586 1184 648 δὲ
1206 587 1324 668 βιβλίων
1349 607 1382 649 κ.
1404 585 1517 673 ἀμιθμή

232 697 340 781 στίχων
362 693 468 779 σχεδὸν
492 691 622 766 ἅπαντας
637 694 845 782 ταρελήλακεν
860 696 927 766 τοὺς
949 693 1015 756 κατ’
1041 689 1127 756 αυτὸν
1143 691 1413 780 Περιπατητικους.
1445 701 1518 772 Quae

233 808 269 866 de
284 806 483 866 Demosthene
499 806 626 880 tradidit,
645 806 676 867 C.
691 808 831 867 Muellero
848 809 882 870 ir,
900 807 929 867 h.
944 807 992 867 Gr.
1007 807 1030 864 ll
1045 810 1105 866 367
1124 827 1159 866 ex
1176 806 1259 864 libris
1276 802 1346 884 περὶ
1363 797 1518 886 ῥητορικῆς

233 922 261 974 et
275 911 341 992 περὶ
356 907 549 995 δημαγωγίας
564 913 672 974 hausta
689 934 754 973 esse
770 913 912 974 videntur.
939 915 971 978 C.
990 917 1029 974 14
1047 922 1074 972 et
1091 933 1115 973 c.
1132 916 1182 986 28,
1199 913 1247 972 ubi
1266 912 1369 989 patria
1382 912 1518 972 Demetrii

232 1040 293 1079 non
306 1019 483 1092 nominatur,
501 1021 537 1078 de
549 1020 690 1080 Phalereo
703 1021 892 1097 cogitandum
910 1041 975 1080 esse
992 1040 1082 1098 supra
1095 1020 1261 1080 accuratius
1274 1019 1458 1097 expositum
1470 1027 1516 1080 est

340 1126 386 1187 lll.
408 1126 525 1186 Tertius
547 1127 640 1201 testiS,
666 1128 691 1187 si
707 1128 849 1204 temporis
867 1129 1010 1188 rationem
1027 1129 1180 1200 habemus,
1205 1127 1336 1186 Hermi
1346 1147 1367 1204 p
1378 1147 1453 1204 pus
1470 1135 1516 1185 est.

233 1233 290 1306 Qui
314 1252 382 1293 cum
405 1233 435 1291 in
458 1233 533 1293 libro
555 1235 697 1310 peculiari
719 1236 755 1294 de
775 1235 973 1294 Demosthene
989 1234 1140 1311 scripserit
1164 1241 1192 1293 et
1208 1255 1225 1293 a
1240 1234 1409 1293 Plutarcho
1435 1253 1517 1311 saepe

233 1341 380 1411 afferatur,
406 1339 567 1416 plurimum
590 1341 711 1400 interest
734 1361 882 1418 quaerere,
908 1362 980 1400 num
1003 1343 1040 1401 ad
1063 1342 1140 1400 hanc
1157 1341 1246 1400 vitam
1267 1341 1515 1401 conscribendam

233 1467 326 1524 aeque
349 1454 436 1524 atque
460 1448 496 1506 ad
514 1447 632 1506 Solonis
656 1444 684 1507 et
701 1448 824 1524 Lycurgi
841 1456 994 1525 tamquam
1011 1447 1168 1524 primarius
1185 1449 1252 1507 fons
1268 1456 1440 1525 usurpatus
1457 1467 1517 1508 esse

233 1554 371 1613 videatur.
396 1553 493 1630 Atque
509 1554 561 1613 toti
577 1554 661 1628 libro,
687 1564 719 1614 ut
735 1556 904 1615 hominihus
921 1555 1101 1614 doctissimis
1119 1556 1223 1631 placet,
1249 1555 1436 1632 inscriptum
1460 1564 1516 1615 erat

231 1651 310 1733 Biot3
341 1682 400 1720 una
424 1660 486 1720 eius
510 1660 577 1720 libri
603 1671 684 1739 parte
708 1663 765 1738 egit
789 1665 824 1721 de
847 1663 985 1721 Isocratis
1010 1662 1163 1739 discipulis
1188 1661 1264 1734 (vide
1287 1663 1321 1722 fr.
1342 1666 1386 1723 57
1406 1672 1436 1723 et
1456 1663 1514 1736 64).

231 1764 400 1828 Auctoritas
418 1768 480 1827 eius
497 1769 575 1828 haud
592 1768 715 1828 minima
738 1769 800 1841 fuit,
827 1790 873 1846 ap.
891 1770 1053 1846 losephum
1070 1769 1116 1840 (fr.
1136 1769 1189 1841 21)
1206 1769 1343 1827 laudatur
1360 1777 1515 1846 tamquam

232 1867 306 1954 ἀνήρ
329 1871 395 1952 περὶ
418 1880 513 1932 πᾶσαν
536 1865 663 1953 ἱστορίαν
686 1866 835 1956 ἐπιμελής.
871 1876 992 1952 Dionys
1017 1876 1112 1934 Halic.
1137 1876 1173 1934 de
1196 1875 1233 1934 ls‚
1258 1875 1344 1936 iudic.
1371 1879 1389 1936 ·1
1418 1877 1514 1936 laudat

232 1981 295 2040 eius
319 1974 468 2059 ἀκρίβειαν
492 1983 539 2053 (fr.
566 1983 633 2055 58);
665 1982 735 2041 dicit
758 1983 849 2042 enim:
875 1972 1021 2060 οὐδὲγὰρ
1045 1974 1061 2038 ὁ
1084 1978 1151 2048 τοὺς
1174 1978 1315 2062 μαθητὰς
1338 1973 1515 2062 ἀναγράψας

228 2078 405 2167 Ἕρμιππος,
435 2080 559 2169 ἀκριβής
590 2079 701 2155 ἐντοῖς
725 2082 830 2156 ἄλλοις
858 2088 1018 2170 γενόμενος,
1049 2086 1113 2166 περὶ
1139 2083 1222 2146 τοῦδε
1245 2093 1294 2146 του
1317 2080 1449 2170 ῥήτορος
1472 2091 1515 2164 (de

231 2194 327 2267 lsaeo)
351 2184 434 2251 οὐδὲν
456 2187 571 2276 εἴρηκεν
594 2188 649 2262 ἔξω
673 2190 752 2253 δυοῖν
774 2193 889 2264 τουτων,
913 2188 955 2253 ὅτι
970 2190 1106 2276 διήκουσε
1123 2193 1175 2274 μὲν
1189 2186 1389 2274 Ἰσοκράτους,
1413 2193 1515 2278 καθή-

231 2301 343 2383 γήσατο
367 2295 399 2358 δὲ
421 2292 634 2382 Δημοσθένους
657 2318 684 2359 κ.
708 2320 731 2360 τ.
754 2297 782 2360 λ.

339 2409 408 2468 lnde
424 2418 547 2486 apparet
563 2429 630 2468 eum
647 2411 789 2486 magistro
806 2430 860 2469 suo
877 2409 1069 2483 Callimacho,
1094 2409 1178 2469 cuius
1200 2409 1395 2469 subtilitatem
1408 2414 1442 2469 ‘et
1459 2409 1516 2469 dili·

233 2514 362 2589 gentiam
383 2515 431 2574 vix
459 2515 616 2593 quisquam
640 2517 790 2594 aequavit,
822 2517 957 2577 dedecori
982 2536 1040 2576 non
1064 2517 1170 2589 fuisse3
1194 2537 1226 2576 re
1250 2537 1318 2576 vera
1341 2523 1371 2574 et
1397 2516 1516 2577 Solonis

233 2629 261 2682 et
284 2621 410 2699 Lycurgi
432 2623 508 2682 vitae
530 2624 724 2684 Plutarcheae
747 2625 823 2684 hanc
849 2645 918 2703 prae
942 2644 974 2684 se
996 2625 1093 2683 ferunt
1115 2624 1288 2683 doctrinam.

339 2730 440 2806 ltaque
464 2750 523 2789 non
547 2732 700 2792 temerarie
723 2733 863 2806 conicias
889 2753 957 2792 cum
973 2732 1003 2791 in
1019 2732 1226 2791 Demosthenis
1243 2750 1360 2808 quoque
1377 2732 1440 2792 vita
1456 2732 1517 2793 eius

233 2855 343 2895 nomen
360 2837 446 2896 solito
464 2839 583 2915 saepius
600 2842 761 2917 splendeat,
776 2841 968 2900 Plutarchum
981 2840 1129 2918 permulta
1141 2839 1167 2898 ei
1178 2840 1292 2901 dehere.
1319 2839 1404 2911 Quae
1416 2840 1517 2917 opinio

234 2942 300 3002 aliis
317 2940 432 3003 indiciis
449 2944 537 3005 etiam
554 2947 649 3022 magis
666 2949 866 3008 confirmatur.
891 2947 968 3007 Nam
984 2948 1062 3024 quod
1079 2967 1103 3006 c.
1119 2949 1136 3006 8
1154 2945 1336 3005 invenimus:
1354 2935 1392 3002 ὲκ
1416 2944 1517 3005 τουτου

233 3043 320 3116 δόξαν
343 3041 421 3130 εἶχεν
444 3043 484 3118 ὡς
507 3043 562 3110 ουκ
586 3044 696 3136 εὐφυής
712 3047 759 3122 ὥν,
781 3046 848 3112 ἀλλ’
863 3046 898 3111 ἐκ
913 3052 1002 3112 πόνου
1018 3052 1192 3134 συγκειμένῃ
1209 3047 1346 3132 δεινότητι
1360 3051 1518 3132 χρώμενος

233 3158 388 3237 Hermippi
412 3160 505 3220 luisse
529 3163 704 3221 sententiam
729 3183 746 3222 a
770 3161 860 3222 Suida
885 3183 908 3222 s.
933 3183 958 3221 v.
983 3152 1180 3242 Δημοσθένης
1209 3159 1376 3236 (Hermippi
1402 3161 1437 3220 ir.
1465 3159 1517 3231 59)

235 3266 389 3327 docemur:
414 3259 611 3350 Δημοσθένης
627 3260 767 3350 ἐπιμελής
788 3265 902 3350 μᾶλλον
922 3261 941 3350 t]
958 3259 1076 3351 εὐφυής,
1094 3259 1134 3334 ὡς
1146 3258 1315 3348 Ἕρμιππος
1330 3257 1440 3345 ἱστορεῖ
1456 3262 1519 3341 [καὶ

235 3371 287 3441 τὰς
310 3365 419 3455 ἡδονὰς
434 3367 610 3447 ἀκόλαστος,
634 3368 675 3444 ὡς
689 3375 741 3435 καὶ
756 3375 838 3434 τοῦτο’
854 3393 940 3459 φησιν
956 3367 971 3433 ὁ
987 3366 1098 3448 chadal.
1137 3375 1240 3452 Neque
1254 3394 1321 3434 vero
1338 3374 1396 3433 hoc
1420 3376 1517 3435 solum

236 3501 272 3541 ex
296 3481 458 3560 Hermippo
484 3486 639 3562 repetitum
662 3506 736 3559 esse,
763 3487 813 3546 sed
837 3493 932 3546 totum
955 3486 1014 3543 fere
1031 3492 1119 3560 caput
1136 3485 1154 3543 8
1172 3503 1207 3542 ex
1229 3503 1262 3541 eo
1285 3483 1416 3560 pendere
1440 3501 1517 3542 nexu

236 3589 448 3650 sententiarum
465 3594 682 3668 cognoscimus,
700 3602 732 3653 ut
748 3594 808 3653 veri
825 3593 920 3652 simile
937 3592 975 3651 sit
991 3611 1059 3651 eum
1075 3591 1104 3650 in
1120 3591 1195 3650 libro
1209 3609 1262 3649 suo
1279 3589 1307 3648 id
1324 3589 1517 3665 potissimum

236 3696 394 3772 studuisse,
420 3707 451 3758 ut
466 3699 696 3761 Demosthenem
720 3701 888 3777 diligentem
910 3699 1004 3775 magis
1022 3720 1112 3777 quam
1128 3697 1245 3774 ingenio
1262 3698 1409 3758 valentem
1426 3697 1518 3758 fuisse

236 3803 389 3864 evinceret.
431 3805 565 3878 Quocum
582 3807 696 3884 egregie
713 3807 847 3867 convenit
864 3807 901 3879 id,
927 3807 1007 3883 quod
1030 3827 1084 3865 suo
1098 3806 1160 3865 iure
1176 3805 1378 3880 Begemaun
1406 3804 1438 3877 (l.
1466 3803 1517 3876 m.)

236 3911 350 3970 monuit
365 3911 562 3991 Hermippum
578 3914 608 3973 in
626 3913 691 3974 vitis
710 3913 869 3973 condendis
887 3913 1047 3973 sententias
1061 3914 1205 3990 qrrasdam
1222 3913 1275 3972 toti
1291 3911 1365 3970 libro
1382 3911 1519 3970 subicere

235 4018 357 4078 solitum
380 4019 410 4079 in
427 4020 546 4080 Solonis
569 4021 628 4081 vita
651 4021 679 4080 id
703 4021 807 4096 egisse,
833 4028 865 4080 ut
881 4019 1021 4079 Solonem
1045 4021 1146 4079 multis
1170 4021 1257 4079 rebus
1282 4019 1356 4077 bene
1379 4017 1474 4091 gestis
1491 4016 1519 4075 in

235 4124 297 4183 dies
321 4127 416 4202 magis
440 4134 468 4186 et
492 4128 585 4203 gloria
609 4136 636 4187 et
660 4128 800 4204 dignitate
823 4128 927 4187 llorere
943 4127 1077 4204 coepisse
1093 4128 1268 4200 ostenderet,
1293 4127 1364 4184 dum
1385 4126 1426 4184 ad
1451 4144 1518 4184 eum

236 4231 360 4307 gradum
389 4234 572 4294 auctoritatis
603 4235 794 4308 ascendisset,
824 4242 855 4294 ut
878 4233 1074 4294 Athenienses
1102 4253 1170 4293 eum
1200 4234 1338 4293 idoneum
1367 4239 1517 4309 putarent,

236 4358 324 4416 quem
348 4341 573 4415 legumlatorem
596 4350 729 4402 crearent
753 4343 791 4416 (c.
817 4332 866 4405 11:
892 4333 951 4398 ἀπὸ
974 4338 1075 4397 τουτου
1099 4333 1238 4406 ἔνδοξος
1261 4332 1300 4420 ἦν
1324 4331 1339 4396 ὁ
1363 4331 1468 4397 Σόλων
1492 4356 1518 4398 a.

235 4443 337 4528 μέγας,
359 4467 384 4508 c.
405 4452 459 4512 12:
484 4441 543 4532 ἤδη
558 4442 661 4516 δόξαν
678 4441 780 4531 ἔχων,
797 4471 821 4512 c.
844 4453 896 4512 14:
913 4442 1047 4531 μεγάλην
1062 4441 1168 4514 δόξαν
1184 4439 1261 4530 εἶχεν
1277 4447 1384 4525 Begem
1403 4469 1432 4524 p.
1455 4450 1517 4522 15).
