3164 5182
680 410 732 420 ,,,
783 377 823 440 13
864 410 910 421 ...

269 563 333 633 Qua
357 559 385 619 in
411 554 443 618 re
465 559 565 632 miror,
591 560 669 635 3336
685 559 826 633 Roesiger
850 578 886 617 ne
909 558 980 618 illud
1004 558 1124 635 quidem
1147 557 1255 618 diserte
1279 559 1440 631 constituit,

163 688 318 744 quousque
341 667 463 742 vestigia
479 666 598 724 Duridis
618 666 762 742 pertinere
778 666 858 736 velit3
884 666 912 723 id
929 673 1044 725 tantum
1062 665 1170 724 indicat
1194 665 1262 725 inde
1277 687 1295 725 a
1311 686 1375 743 cap.
1400 671 1439 729 18

161 775 279 834 Duridis
303 765 464 855 Ἑλληνικὰ
488 773 675 848 singulariter
698 773 848 849 exscripta
870 792 946 833 esse.
993 773 1102 831 Verum
1126 781 1241 848 praeter
1264 774 1322 832 duo
1346 775 1440 834 frusta

161 884 306 958 quaedam
330 902 365 940 ex
390 899 424 939 eo
449 882 606 956 desumpta
629 899 777 955 nusquam
800 879 919 938 Duridis
943 880 1084 939 indicium
1108 879 1230 939 inveniri
1254 888 1359 957 potest.

267 989 353 1061 Nam,
379 997 410 1048 ut
433 988 490 1046 hoc
509 987 704 1064 praemittam,
730 1007 766 1045 33
786 988 843 1046 663
859 986 976 1062 quidem
994 986 1042 1046 hic
1058 987 1216 1047 Plutarcho
1233 987 1362 1047 veritatis
1380 996 1439 1048 stu-

159 1097 329 1156 diosissimo
346 1116 378 1155 se
395 1095 793 1171 comrrrendavit31runquanr
810 1096 905 1166 laude,
924 1114 1013 1170 saepe
1025 1094 1200 1170 gravissima
1210 1095 1439 1171 reprehensione

159 1225 227 1263 eum
251 1204 349 1277 afficit,
375 1204 453 1262 velut
477 1204 540 1262 eius
564 1204 652 1262 fidem
677 1203 704 1260 in
727 1202 850 1261 dubium
874 1209 959 1260 vocat
974 1201 1079 1264 Pericl.
1098 1205 1137 1263 26
1161 1201 1435 1275 (unornane.

159 1311 207 1370 Gr.
226 1310 249 1368 ll
273 1311 307 1370 6.
333 1311 396 1383 60),
422 1310 516 1370 Alcib.
541 1313 580 1369 32
603 1310 650 1381 (6.
672 1309 737 1381 64),
770 1329 805 1367 ex
830 1327 953 1367 numero
977 1308 1235 1368 celeberrimorum
1260 1309 1437 1385 scriptorum

158 1437 226 1476 eum
250 1417 378 1477 excludit
401 1417 553 1476 Demosth.
582 1420 620 1476 23
646 1417 671 1488 (f
686 1462 692 1475 .
719 1417 760 1489 9),
790 1416 819 1474 in
844 1415 940 1474 medio
964 1415 1112 1492 relinquit,
1142 1435 1215 1474 num
1238 1435 1306 1474 vera
1330 1417 1436 1476 habeat

157 1525 308 1584 Demosth.
331 1528 368 1584 19
387 1525 412 1598 (f
427 1572 433 1584 .
452 1525 494 1596 6),
512 1543 661 1599 nusquam
677 1542 745 1581 eum
762 1523 868 1593 solum,
887 1523 938 1581 sed
954 1542 1013 1581 una
1029 1542 1097 1581 eum
1114 1523 1180 1583 lidis
1197 1529 1225 1581 et
1241 1523 1328 1582 certis
1346 1525 1436 1601 serip-

157 1632 270 1690 toribus
294 1637 400 1690 testem
423 1632 506 1689 affert
530 1630 625 1702 (Alex.
655 1635 691 1690 15
718 1631 752 1690 6.
781 1633 818 1689 10
845 1637 872 1687 et
896 1629 981 1689 Alex⁴
1000 1633 1039 1690 46
1063 1629 1178 1701 618),
1203 1629 1260 1688 nisi
1284 1629 1314 1688 in
1338 1651 1436 1690 narra-

158 1738 297 1798 tiunculis
313 1738 431 1798 levioris
453 1745 539 1797 notae
556 1737 602 1810 (fr.
618 1741 669 1810 22,
688 1741 738 1808 63,
759 1737 822 1807 65).
860 1736 891 1795 Si
907 1755 975 1794 vero
993 1736 1183 1812 quaesiveris
1209 1737 1330 1796 ubinam
1352 1738 1437 1813 largi-

156 1865 238 1904 orem
250 1845 406 1904 materiam
417 1844 576 1903 Plutarcho
595 1843 770 1920 praebuerit,
788 1843 876 1902 etiam
890 1842 999 1903 clarius
1013 1842 1175 1919 perspicies
1187 1843 1266 1902 hunc
1280 1863 1330 1902 eos
1342 1845 1437 1903 sontes

157 1952 232 2010 miro
249 1952 355 2010 iudicio
372 1951 567 2026 indagavisse,
586 1971 621 2010 ex
638 1951 744 2027 quibus
762 1970 852 2026 quam
868 1949 1049 2008 laetissimos
1066 1951 1179 2009 sructns
1196 1958 1323 2027 caperet.
1359 1950 1435 2010 Nam

157 2079 193 2117 ne
214 2060 250 2118 de
270 2059 374 2122 Pericl.
400 2059 458 2118 vita
482 2067 629 2135 repetam,
662 2053 740 2135 quod
765 2079 855 2135 supra
878 2057 1055 2129 memoravi,
1081 2057 1111 2115 in
1134 2056 1229 2120 Aleib.
1254 2056 1342 2131 Ages
1368 2057 1435 2132 Lys.

155 2166 231 2237 vitis,
257 2168 353 2242 quoad
370 2167 407 2225 ad
423 2165 585 2225 Alcibiadis
601 2186 649 2225 res
666 2175 809 2243 spectant,
834 2165 976 2225 Duridem
991 2163 1138 2236 delibavit,
1164 2165 1242 2240 quod
1266 2164 1291 2223 is
1313 2183 1345 2222 se
1360 2164 1436 2224 Alci·

155 2271 250 2330 hiadis
275 2280 413 2348 nepotem
436 2291 503 2331 esse
527 2271 668 2346 gloriatus
693 2282 765 2331 erat.
806 2273 916 2332 Contra
943 2273 979 2331 ad
996 2271 1080 2331 Alex.
1106 2271 1190 2332 Eum.
1208 2271 1336 2331 Demetr.
1362 2271 1436 2331 vitas

155 2378 201 2436 rix
223 2378 380 2455 praecipue
404 2378 552 2437 adhibitus
569 2387 623 2451 est,
649 2380 727 2454 quod
743 2375 895 2450 Nitsche¹)
916 2381 952 2437 de
968 2378 1099 2437 Eumene
1123 2386 1150 2437 et
1174 2378 1333 2449 Demetrio,
1358 2378 1431 2438 Alh·.

156 2484 300 2544 Schoen
311 2506 326 2544 e
337 2480 362 2557 2)
386 2487 422 2543 63
445 2485 614 2544 Alexandro
639 2485 849 2562 comprobavit.

261 2592 364 2668 Neque
388 2613 422 2651 eo
447 2592 535 2651 Duris
560 2593 685 2668 gratiam
706 2592 857 2652 Plutarchi
882 2591 938 2651 sibi
961 2591 1136 2664 conciliavit,
1169 2594 1247 2668 quod
1271 2612 1288 2651 3
1312 2592 1434 2652 laudati·

154 2698 260 2756 onibus
283 2700 370 2773 longe
394 2699 505 2758 afuisse
528 2699 657 2769 videtur3
682 2719 751 2757 nam
776 2699 854 2757 idem
877 2698 999 2757 Nitsehe
1023 2718 1051 2773 p.
1079 2701 1118 2757 30
1144 2699 1217 2759 bene
1241 2700 1393 2776 perspexit
1417 2720 1433 2758 a

153 2805 262 2863 Doride
282 2805 423 2863 Eumenis
447 2805 573 2880 effigiem
598 2807 685 2878 (Plut.
704 2806 788 2864 Eum.
809 2806 839 2877 2)
864 2805 1032 2864 taetriorem
1056 2805 1159 2865 fictam
1182 2826 1248 2864 esse
1272 2815 1360 2883 atque
1384 2808 1432 2866 ab·

152 2913 321 2971 horrentem
345 2933 362 2971 a
385 2913 499 2988 reliqua
522 2913 699 2972 narratione.
748 2913 834 2972 Certe
857 2911 944 2986 igitur
967 2912 1153 2984 Plutarchus
1180 2933 1268 2989 quern
1292 2913 1433 2972 invrdrose

152 3019 230 3077 dicta
242 3009 275 3075 36
287 3019 362 3075 πάνυ
373 3015 537 3098 πμοθίνμως
551 3020 709 3079 admisisse
725 3041 760 3080 ex
774 3019 848 3079 Cim.
863 3019 911 3079 vit.
924 3038 948 3079 3.
961 3022 979 3078 2
992 3019 1137 3091 novimus,
1151 3039 1210 3079 non
1224 3021 1335 3093 habuit,
1353 3021 1432 3097 quod

152 3146 186 3185 eo
210 3126 240 3184 in
256 3127 408 3185 Demostlr.
426 3126 484 3186 vita
508 3134 660 3203 tamquam
685 3127 825 3203 primario
849 3128 929 3187 sonte
952 3135 1090 3187 uteretur.
1131 3127 1208 3187 Nam
1231 3129 1328 3201 etiam,
1354 3129 1432 3205 quie

151 3233 221 3308 quid
245 3234 280 3290 de
303 3232 533 3292 Atheniensibus
558 3234 594 3293 ab
618 3253 652 3292 33
677 3233 821 3310 scriptum
844 3241 971 3293 aetatem
995 3232 1069 3306 tulit,
1100 3253 1170 3310 prae
1194 3253 1226 3293 se
1250 3235 1305 3293 fert
1329 3254 1431 3295 eorum

151 3338 252 3397 odium
269 3340 314 3411 (fr.
335 3343 384 3412 30,
403 3339 466 3413 60),
493 3347 521 3398 et
543 3341 579 3399 de
594 3339 793 3399 Demosthene
815 3341 901 3400 arnico
926 3342 1004 3418 quod
1028 3348 1125 3401 exstat
1148 3342 1312 3416 fragmento
1331 3345 1368 3403 21
1390 3373 1428 3383 -

151 3446 230 3520 quod
253 3445 283 3504 in
307 3446 398 3505 vitam
421 3467 480 3506 non
502 3447 646 3506 insertum
663 3466 729 3506 esse
752 3448 938 3506 vehementer
953 3446 1079 3521 mireriS,
1104 3467 1173 3506 cum
1188 3448 1374 3522 Plutarchus
1399 3458 1431 3509 ut

150 3551 310 3626 Roesigero
335 3552 459 3626 videtur,
484 3574 551 3612 eum
576 3555 612 3612 ad
628 3554 751 3612 verbum
765 3553 1003 3630 transscripserit
1021 3583 1070 3627 -,
1088 3574 1211 3631 prorsus
1228 3555 1377 3615 diversum
1393 3557 1430 3615 ab

151 3678 185 3716 eo
209 3660 245 3717 de
267 3659 466 3720 Demosthene
490 3662 627 3720 3366333
651 3668 739 3736 atque
763 3682 780 3720 a
804 3662 956 3720 laudatore
979 3670 1147 3738 exspectes:
1174 3653 1197 3739 ᾧ
1220 3658 1252 3718 τὸ
1275 3651 1351 3741 ἱερὸν
1374 3665 1429 3741 πῦρ

150 3754 204 3820 oin
227 3756 292 3846 ἐξῆν
316 3771 452 3847 quoquae
491 3758 615 3846 Τίμαιος
638 3757 667 3824 ἐν
690 3760 729 3848 λη
753 3757 905 3846 Ἱστοριῶν,
930 3759 971 3833 ὡς
995 3756 1021 3823 oi
1043 3765 1109 3846 aspi
1124 3760 1329 3850 Δημοκλείδην
1352 3767 1429 3827 κατὰ

149 3863 352 3952 Δημοχάρους
373 3865 460 3948 εἷπον,
485 3866 527 3932 dn
550 3873 629 3953 μόνῳ
646 3865 723 3952 αὐτῷ
740 3873 854 3932 πάντων
869 3865 1041 3955 Ἀθηναίων
1061 3864 1115 3932 oba
1131 3868 1220 3941 ἔξεστι
1235 3873 1267 3932 τὸ
1283 3865 1359 3954 ἱερὸν
1374 3880 1430 3955 nup

149 3983 290 4059 3333333,
315 3971 356 4046 ὡς
379 3978 421 4060 μὴ
445 3977 643 4059 panepenna
665 3983 725 4047 τοῖς
748 3974 808 4038 ἄνω
831 3980 938 4061 μέρεσι.
984 3972 1093 4060 Δοῦρις·
1111 3971 1136 4036 δ’
1158 3972 1188 4039 ἐν
1210 3985 1247 4060 τῇ
1271 3978 1280 4038 ί
1303 3974 1428 4039 Πυθέαν

148 4084 226 4142 κατὰ
249 4078 460 4167 Δημοσθένους
483 4086 515 4146 τὸ
539 4079 638 4166 ὅμοιον
661 4077 756 4145 εἰπεῖν.

256 4259 277 4328 ¹)
290 4261 428 4314 Nitsohe
441 4258 536 4330 ‘Konig
549 4259 672 4329 Philipps
686 4260 759 4313 Briel'
775 4277 811 4314 an
830 4261 856 4314 d.
874 4260 1003 4327 Athener,
1024 4279 1050 4317 3.
1069 4260 1250 4332 Hieronymus
1269 4279 1294 4318 v.
1309 4261 1426 4328 Kanlia',

147 4348 222 4418 Prgr.
242 4351 288 4402 des
307 4352 518 4418 Sophiengymn.
538 4351 629 4404 Berlin
650 4350 726 4402 1876.
905 4412 910 4418 ,

254 4437 276 4505 2)
298 4441 329 4493 A.
349 4441 501 4493 Schoene
523 4436 565 4492 ‘de
591 4457 683 4494 rerum
702 4437 849 4493 Alexandri
868 4437 903 4493 Μ.
929 4439 1103 4508 scriptorum,
1128 4440 1252 4510 inprimis
1273 4440 1380 4507 Arriani
1399 4447 1426 4498 et

147 4527 285 4582 Plutarchi
305 4524 434 4581 fontibus*
453 4529 584 4582 Analecta
603 4527 784 4596 philol-hist,
804 4526 878 4599 Lips
899 4529 976 4583 1870.
