3164 5182
678 353 896 416 ...16-

148 542 151 548 '
257 536 318 596 lani
341 539 425 608 ve'ro,
455 554 537 608 cum,
567 535 637 611 quid
665 535 729 612 ipse
756 537 792 594 de
816 535 945 595 fontibus
959 535 1057 595 'huius
1082 536 1159 596 vitae
1185 535 1340 610 sentiam,
1371 537 1439 597 mihi

146 644 303 704 dicendum
320 643 366 717 sit,
384 644 468 715 duas,
492 650 525 701 ut
540 642 619 701 brevi
635 643 895 719 comprehendam,
921 642 1017 702 inveni
1035 651 1142 720 partes,
1160 663 1297 720 quarum
1315 653 1440 722 utraque

146 752 176 812 in
200 752 274 810 duas
298 751 394 809 denuo
418 749 579 826 particulas
602 749 731 809 dissecta
755 757 808 809 est.

252 883 350 959 Atque
367 883 464 960 priore
480 882 599 958 quidem
616 889 698 958 parte
713 883 900 943 continentur
916 902 941 943 c.
961 888 1023 943 5—-
1037 886 1086 957 11,
1112 884 1204 960 (quod
1229 903 1268 944 ex
1296 885 1437 945 extremis

147 989 235 1049 huius
252 988 357 1066 capitis
373 987 469 1047 verbis
486 995 622 1065 apparet:
648 979 728 1044 atta
743 986 808 1066 περὶ
824 987 876 1068 μὲν
899 986 1005 1047 robatur
1028 988 1134 1068 καίπερ
1158 983 1199 1048 ἔτι
1222 986 1325 1048 πλείω
1350 987 1436 1067 λέγειν

147 1090 266 1177 ἔχοντες
289 1087 420 1153 enadda
442 1090 626 1174 παυσόμεθα
648 1109 676 1150 a.
699 1111 723 1154 τ.
748 1088 787 1167 λ.)
812 1104 900 1172 atque
923 1117 948 1157 c.
971 1100 1107 1160 28-31.
1149 1099 1252 1158 Altera
1280 1118 1356 1176 pars
1382 1119 1435 1158 am·

149 1202 285 1280 plectitur
309 1221 334 1262 c.
360 1205 380 1262 4
404 1201 465 1260 init.
490 1209 518 1260 et
541 1221 567 1260 c.
596 1205 733 1262 12—27.

255 1333 360 1408 Agitur
384 1341 482 1393 autem
505 1332 535 1392 in
558 1333 609 1393 illa
632 1341 724 1410 parte,
751 1354 841 1410 quam
858 1335 1019 1413 stirpem
1036 1357 1118 1408 voco,
1144 1337 1285 1414 inprimis
1304 1341 1343 1399 de
1359 1340 1433 1399 insti·

149 1441 270 1513 tutione,
294 1440 322 1499 vi
346 1440 482 1513 oratiora,
508 1439 603 1517 plebis
621 1441 726 1513 studia,
752 1441 885 1500 moribus
902 1441 939 1514 (c.
954 1445 1082 1517 5-11),
1108 1445 1212 1505 deinde
1229 1447 1266 1505 de
1285 1447 1433 1524 supremis

151 1548 254 1607 diebus
279 1555 307 1606 et
329 1555 424 1607 morte
447 1547 656 1607 Demosthenis
680 1548 717 1619 (c.
745 1548 898 1621 28-31t.

256 1674 357 1734 Altera
381 1682 463 1751 parte
479 1694 527 1733 res
543 1673 625 1733 domi
641 1673 821 1749 militiaeque
837 1681 937 1749 gestae
953 1674 1138 1735 illustrantur
1155 1684 1182 1735 et
1198 1697 1312 1751 moreS,
1327 1680 1432 1756 quoad

151 1784 187 1843 ad
211 1781 425 1859 rempublicam
449 1781 603 1859 pertinent,
628 1780 669 1839 ita
692 1780 908 1853 describuntur,
933 1788 965 1839 ut
988 1802 1023 1841 ex
1047 1784 1147 1860 stirpe,
1173 1804 1234 1860 qua
1250 1804 1300 1844 res
1319 1787 1433 1862 publice

151 1897 250 1965 gestae
277 1887 450 1948 brevissime
477 1889 669 1947 adumbratae
692 1896 784 1960 erant,
816 1887 935 1947 notitias
960 1892 1105 1964 quasdam
1135 1892 1337 1968 transpositas
1368 1913 1432 1953 esse

150 2003 303 2073 appareat.

256 2129 412 2189 Praeterea
434 2128 489 2188 has
514 2129 574 2187 lere
597 2126 782 2186 diversitates
806 2127 957 2204 indagavi:

258 2253 345 2312 lllic
368 2252 462 2311 multa
486 2249 565 2333 φασί,
589 2245 705 2325 λέγεται
731 2254 950 2330 eorundemque
966 2254 1086 2314 testium
1102 2258 1204 2316 crebra
1220 2256 1355 2332 iteratim
1382 2259 1434 2319 hic

156 2361 303 2439 permulta
333 2358 453 2436 propria
476 2358 584 2418 iudicia
608 2356 759 2438 (patuerat,
784 2358 895 2440 percepit
917 2353 953 2440 tp
977 2380 1003 2424 c.
1032 2365 1080 2435 13,
1108 2365 1157 2435 14,
1186 2367 1239 2437 16;
1271 2359 1365 2434 δοκεῖ,
1390 2364 1437 2444 μοὶ

152 2461 241 2535 δοκεῖ,
265 2456 320 2523 oia
343 2459 378 2523 ἄν
400 2482 449 2544 μοι
472 2460 590 2523 δοκοῦσι
613 2486 638 2525 c.
664 2469 693 2540 4,
721 2469 777 2538 12;
803 2457 860 2540 ἐγὼ
884 2461 910 2522 δ’
935 2459 989 2525 oba
1013 2461 1048 2526 ἂν
1071 2461 1177 2549 εἴποιμι
1200 2490 1225 2533 c.
1253 2475 1311 2544 223
1347 2479 1437 2532 ταῦτα

152 2572 204 2654 μὲν
227 2565 277 2632 οὖν
304 2564 390 2630 εἰπεῖν
420 2569 618 2654 προήχθημεν
641 2592 667 2636 c.
694 2577 745 2646 22,
770 2574 852 2633 etin
876 2574 1105 2654 Theopompum
1133 2596 1157 2636 c.
1185 2580 1235 2650 13,
1263 2580 1315 2651 18,
1345 2582 1384 2640 21
1412 2589 1438 2640 et

153 2681 332 2742 Aeschinem
348 2700 373 2739 c.
393 2683 432 2740 22
450 2680 691 2752 reclamationes;
716 2688 818 2740 contra
840 2681 874 2740 in
891 2681 1003 2758 stirpe
1026 2683 1083 2742 nisi
1108 2685 1200 2743 semel
1224 2685 1262 2756 (c.
1281 2688 1319 2746 9:
1346 2684 1441 2745 πόθεν

153 2781 203 2848 οὖν
216 2787 289 2871 φαίη
298 2804 341 2854 τις
350 2779 416 2845 ἂν..
433 2795 461 2846 et
474 2777 660 2847 ἀλλ’ἔοικεν.
673 2787 692 2859 .)
709 2787 825 2847 nullum
840 2787 935 2864 ipsius
949 2789 1103 2866 scriptoris
1119 2790 1260 2849 iudicium
1277 2791 1439 2854 invenitur.

260 2922 352 2982 Porro
377 2921 412 2981 in
437 2921 559 2998 stirpe
583 2922 693 2980 multae
717 2921 956 2981 narratiunculae
980 2924 1154 2999 plerumque
1177 2924 1295 2983 levioris
1322 2928 1442 3001 generis

156 3050 188 3092 se
204 3029 363 3108 excipiunt,
381 3029 415 3088 in
432 3028 548 3087 altera
566 3035 675 3105 parte
690 3029 761 3087 talia
777 3027 835 3087 nisi
854 3027 935 3087 illinc
952 3028 1063 3089 intexta
1078 3050 1136 3103 non
1150 3038 1278 3093 exstant.
1303 3032 1443 3110 Denique

156 3145 315 3217 postquam
331 3137 365 3196 in
390 3136 514 3212 stirpe
529 3136 618 3195 nimis
634 3137 728 3195 multa
744 3144 917 3211 argumenta
937 3145 1113 3212 exaggerata
1129 3145 1207 3211 sunt,
1225 3138 1336 3214 quibus
1355 3142 1443 3201 nobis

154 3247 367 3324 persuadeatur
389 3243 620 3302 Demosthenem
644 3263 661 3302 a
685 3243 874 3321 popularium
899 3244 1031 3319 partibus
1056 3245 1174 3304 stetisse
1197 3263 1221 3304 c.
1241 3247 1258 3303 8
1278 3264 1336 3321 sq,
1364 3247 1443 3306 idem

155 3373 181 3414 c.
201 3356 251 3426 14,
269 3353 347 3428 quod
365 3359 453 3428 caput
469 3351 506 3411 in
523 3351 636 3410 altera
654 3358 753 3428 parte
768 3352 949 3411 censendum
965 3370 1032 3410 esse
1048 3359 1155 3423 statu0,
1179 3370 1231 3427 pro
1248 3351 1444 3428 optimatium

156 3462 271 3520 fautore
293 3458 468 3519 venditatur.

263 3584 418 3657 Quomodo
442 3593 541 3645 autem
564 3584 743 3644 Plutarchus
767 3586 803 3644 ad
832 3604 883 3644 eos
913 3584 1018 3657 lonteS,
1051 3603 1126 3660 quos
1158 3583 1315 3662 supplendi
1349 3606 1444 3647 causa

157 3692 236 3767 adiit,
261 3693 401 3771 delapsus
418 3712 484 3752 esse
499 3693 633 3752 videtur?
667 3692 781 3752 Partim
797 3692 978 3769 scriptorum
993 3691 1243 3768 praestantiorum
1266 3701 1443 3753 accuratam

157 3799 293 3860 notitiam
323 3800 434 3887 habuit,
467 3799 575 3877 partim
604 3798 774 3858 nominibus
806 3799 985 3876 scriptorum
1009 3820 1026 3858 a
1050 3800 1130 3859 fonte
1155 3798 1294 3875 primario
1319 3800 1444 3878 (stirpe)

157 3908 315 3968 allatorum
327 3907 518 3979 excitabatur,
536 3913 568 3965 ut
583 3905 676 3983 ipsos,
695 3925 769 3983 quos
784 3907 863 3965 bono
880 3906 945 3965 usui
963 3905 1018 3965 sibi
1034 3907 1096 3965 fore
1112 3908 1259 3983 sperabat,
1277 3906 1443 3983 scriptores

157 4015 317 4093 inspiceret
340 4023 368 4074 et
391 4015 417 4074 si
441 4015 604 4093 placebant,
630 4013 780 4092 copiosius
804 4014 992 4074 exscriberet.

266 4151 323 4212 Sed
348 4159 416 4212 ante
438 4149 547 4224 omnia,
572 4149 694 4227 quinam
716 4149 783 4209 fons
808 4148 966 4226 primarius
989 4148 1084 4224 fuerit,
1110 4148 1302 4227 aperiendum
1326 4156 1384 4210 est.

265 4287 435 4349 Alteruntur
458 4288 488 4348 in
511 4306 546 4346 ea
571 4294 661 4364 parte,
686 4306 777 4363 quam
800 4286 939 4347 continuo
963 4292 1136 4361 argumento
1160 4283 1285 4360 aliisque
1309 4283 1444 4361 proprie-

158 4396 268 4459 tatibus
279 4398 421 4457 excellere
431 4395 573 4468 videmus,
585 4394 615 4453 hi
629 4394 797 4470 scriptores,
810 4413 913 4453 omnes
923 4401 1037 4471 praeter
1049 4391 1282 4462 Eratosthenem,
1295 4391 1444 4450 utstatim

160 4505 327 4588 perspicere
349 4503 426 4580 licet,
451 4503 804 4585 Peripateticorum
828 4512 959 4564 sectae
982 4498 1144 4561 addicti:
1169 4498 1189 4559 1.
1212 4497 1444 4575 Theophrastus
