3164 5182
796 368 1008 439 ..g-4..

263 551 395 633 Apparet
411 554 498 632 igilur
510 553 704 615 Plutarchum
720 561 747 615 el
764 555 892 616 lontibus
910 555 1109 632 singularibus
1126 554 1243 628 (l-Vl)
1257 562 1285 614 et
1300 547 1546 637 ἀποφθεγμάτων

264 663 487 728 collectionibus
512 662 656 736 (Vll—X)
680 683 769 724 usum
793 684 867 724 esse.
898 697 931 704 -

373 771 455 831 Haec
480 778 638 848 postquam
662 770 871 849 exposuimus,
902 791 977 849 quae
1000 772 1095 832 fides
1119 771 1187 831 huic
1211 770 1287 832 vitae
1310 771 1389 844 insit,
1419 770 1546 831 breviter

263 857 482 941 adumbrernus.

369 985 547 1045 Plutarchus
563 993 624 1045 tam
640 1005 748 1060 magno
764 986 908 1046 desiderio
925 986 1067 1063 pristinae
1078 985 1258 1046 Graecorum
1271 987 1381 1060 gloriae
1397 1005 1546 1045 accensus

263 1101 334 1165 erat,
359 1101 391 1151 ut
414 1092 445 1151 in
468 1092 580 1152 deliciis
604 1093 724 1152 haberet
748 1093 1004 1153 celeberrimorum
1028 1093 1157 1152 virorum
1181 1093 1323 1168 imagines
1339 1093 1506 1168 depingere
1521 1102 1545 1152 et

262 1206 413 1276 tamquam
429 1200 565 1277 exempla
581 1199 745 1276 posteritati
761 1219 920 1264 reservare.
956 1200 1056 1276 ltaque
1076 1219 1143 1258 cum
1165 1199 1305 1258 iudicium
1321 1200 1358 1259 ad
1374 1199 1544 1260 honestatis

262 1302 356 1382 mag'is
382 1326 471 1383 quam
488 1308 524 1366 ad
541 1306 613 1366 artis
629 1305 758 1366 rationes
775 1307 927 1381 redigeret,
953 1327 1078 1383 semper,
1098 1307 1236 1383 quicquid
1252 1306 1413 1382 opprobrio
1431 1327 1544 1379 eorum,

262 1433 336 1490 quos
362 1415 537 1486 celebrabat,
563 1414 674 1473 dietum
698 1420 770 1486 erat,
795 1404 829 1472 ob
852 1412 927 1471 πάνυ
950 1409 1114 1493 προθὸμως
1137 1413 1154 1473 i.
1180 1434 1204 1473 e.
1230 1413 1336 1473 iudicio
1360 1414 1499 1474 adhibito
1523 1422 1547 1474 et

263 1521 378 1582 collatis
396 1521 531 1598 pluribus
548 1520 642 1598 iisque
659 1521 790 1598 probatis
806 1521 931 1581 testibus
947 1521 1066 1598 recepit.
1106 1521 1208 1598 ltaque
1222 1541 1281 1581 non
1298 1523 1385 1581 modo
1404 1522 1436 1581 in
1453 1523 1547 1581 Theo·

262 1628 363 1706 ponrpi
384 1637 412 1688 et
435 1628 592 1688 Aeschinis
617 1628 762 1688 severiora
785 1629 893 1689 iudicia
917 1628 1065 1705 pugnavit,
1092 1630 1143 1688 sed
1167 1628 1256 1688 etiarn
1279 1629 1431 1688 ldonrenei
1456 1631 1546 1690 bilem

264 1756 385 1812 prorsus
409 1737 536 1812 respuit,
570 1736 755 1814 plurimaque
779 1737 948 1797 testimonia
972 1737 1102 1812 collegit,
1134 1736 1241 1813 quibus
1266 1737 1322 1796 sibi
1347 1739 1544 1813 persuaderet

260 1844 490 1903 Demosthenem
519 1852 691 1920 corruptum
719 1851 748 1903 et
775 1843 804 1902 in
830 1863 928 1922 pugna
953 1864 1058 1921 parum
1082 1845 1188 1904 fortem
1212 1844 1311 1903 luisse.
1360 1845 1441 1916 Quid
1471 1847 1546 1921 quod

261 1970 285 2009 c.
300 1951 338 2010 31
355 1949 536 2025 periclitatur
546 1970 614 2009 eum
624 1950 712 2010 etiam
726 1971 744 2010 a
756 1951 939 2027 corruptelae
956 1950 1125 2026 suspicione
1141 1969 1267 2027 purgare
1283 1951 1417 2011 fabulam
1434 1953 1546 2011 addens

261 2076 383 2132 prorsus
407 2056 541 2129 inanem;
566 2058 669 2116 eodem
693 2058 789 2134 capite
813 2056 962 2136 praedicat
986 2059 1088 2131 fatum,
1114 2058 1192 2134 quod
1208 2057 1420 2118 Demosthenis
1444 2078 1545 2118 necem

260 2165 355 2223 ultum
379 2163 425 2224 sit.
462 2163 501 2222 Ut
524 2163 582 2224 alia
606 2163 693 2223 huius
718 2165 937 2224 benevolentiae
953 2164 1038 2240 signa
1053 2163 1215 2236 mittamus,
1241 2173 1364 2242 apparet
1389 2165 1453 2225 iam
1479 2168 1547 2227 satis

259 2268 405 2344 Abbing
433 2269 493 2346 (ap.
511 2270 686 2344 Volkmann,
711 2272 818 2345 Leben,
845 2270 991 2330 Schriften
1015 2273 1075 2331 und
1103 2270 1293 2350 Philosophia
1316 2274 1368 2332 des
1393 2274 1545 2348 Plutarch,

262 2376 362 2435 Berlin
378 2377 598 2450 rovallum)
616 2398 675 2438 non
692 2379 791 2453 leviter
807 2379 954 2438 iudicasse
970 2398 1037 2437 oum
1053 2379 1170 2453 diceret,
1195 2378 1346 2439 Plutarchi
1370 2380 1401 2438 in
1423 2381 1547 2440 historia

259 2482 319 2542 veri
345 2483 440 2542 studio
464 2485 540 2544 inter
564 2485 623 2545 alia
645 2486 776 2545 maxime
800 2486 930 2545 obfuisse
955 2506 1104 2545 summam
1127 2487 1222 2564 ipsiu's
1245 2487 1483 2549 humanitatem.
1574 2542 1576 2575 Ι

368 2590 489 2664 Deinde,
515 2613 697 2670 quamquam
721 2595 834 2652 nullam
858 2593 1030 2652 eruditionis
1055 2594 1280 2654 ostentationem
1309 2595 1546 2656 animadvertere
1572 2578 1576 2647 i

261 2698 369 2775 possis,
398 2700 528 2775 peccavit
543 2700 587 2763 Pl.
604 2701 634 2759 in
652 2720 694 2772 ec,
721 2702 807 2776 quod,
833 2701 948 2759 animos
973 2709 1004 2759 ut
1028 2720 1117 2777 quam
1141 2700 1268 2761 maxime
1291 2710 1428 2761 moveret
1454 2711 1484 2762 et
1507 2705 1546 2762 de

260 2806 390 2879 lactaret,
415 2826 629 2884 nonnunquam
655 2827 700 2866 res
722 2809 944 2884 transponebat,
969 2814 1136 2884 temporum
1151 2808 1285 2867 ordinem
1300 2809 1447 2869 turbabat
1465 2819 1546 2887 alque

260 2914 333 2972 adeo
358 2933 405 2972 res
430 2913 553 2973 traditas
578 2933 631 2972 suo
656 2913 776 2973 arbitrio
800 2913 1056 2990 interpretabatur.

368 3020 444 3080 Nam
468 3020 625 3080 verisimile
649 3028 693 3079 est
718 3040 783 3079 eum
809 3040 873 3097 cap.
901 3025 928 3092 5,
955 3021 1004 3080 ubi
1028 3029 1137 3095 narrat,
1163 3021 1310 3098 quomodo
1327 3021 1545 3082 Demosthenes

261 3126 421 3187 Callistrati
437 3128 573 3187 audiendi
590 3128 778 3187 occasionem
794 3135 920 3187 nanctus
945 3128 991 3201 sit,
1013 3129 1054 3189 ita
1066 3128 1223 3206 Hermippi
1242 3128 1375 3203 vestigiis
1388 3129 1543 3200 institisse,

261 3241 301 3305 ut,
327 3254 414 3310 quarn
440 3235 640 3294 narrationem
664 3235 711 3293 hic
736 3236 934 3312 adoptaverat,
959 3237 1106 3295 desereret
1123 3243 1159 3308 et,
1184 3254 1242 3312 quo
1258 3236 1374 3294 colores
1390 3236 1545 3296 viridiores

261 3343 371 3415 tierent,
390 3343 467 3401 alius
480 3341 632 3418 scriptoris
646 3342 845 3401 narrationem
859 3343 895 3402 ab
906 3342 1070 3420 Hermippo
1083 3349 1347 3402 commemoratam
1360 3353 1542 3420 sequeretur.

265 3481 297 3486 —
328 3447 442 3507 Similia
466 3451 501 3508 de
525 3469 616 3510 causa
640 3450 801 3527 Harpalica
825 3458 913 3527 atque
936 3452 971 3510 de
995 3452 1065 3526 fuga
1089 3451 1361 3510 animadvertimus.
1406 3452 1484 3529 Cap.
1511 3455 1541 3513 lo·

260 3556 296 3613 de
324 3555 533 3616 Demosthenis
561 3558 706 3632 legatione
735 3557 763 3616 in
795 3557 938 3634 liquidum
963 3557 1083 3634 perduci
1112 3557 1229 3634 nequit,
1260 3565 1360 3616 utrum
1386 3558 1543 3618 Aeschinis

260 3663 461 3722 cavillationes
485 3663 549 3740 ipse
574 3683 691 3723 summa
714 3663 838 3723 audacia
861 3664 892 3722 in
915 3663 1096 3724 contrarium
1111 3663 1316 3735 immutaverit,
1344 3683 1384 3722 an
1404 3665 1542 3725 memoria

260 3769 364 3846 lapsus
389 3769 436 3842 sit,
461 3791 499 3830 an
522 3772 601 3847 apud
626 3770 854 3847 Theopompum
877 3771 922 3829 vel
945 3771 976 3830 in
1000 3770 1090 3846 stirpe
1114 3770 1228 3829 diversa
1252 3769 1409 3829 invenerit.

366 3877 497 3954 Denique
521 3879 608 3954 plane
624 3878 681 3938 alia
697 3898 731 3937 ac
749 3877 849 3954 stirpis
866 3885 1001 3937 auctores
1018 3879 1154 3937 utebatur
1170 3877 1291 3937 ratione.
1326 3875 1422 3952 Nam,
1450 3898 1542 3956 quam·

260 3983 303 4041 vis
328 3983 513 4044 vehementer·
537 3986 596 4045 vita
619 3985 768 4045 umbratili
793 3985 996 4057 delectaretur,
1021 4005 1080 4043 non
1097 3986 1170 4044 adeo
1187 3983 1245 4042 otio
1262 3984 1442 4061 abundavit,
1469 3986 1543 4047 utad

260 4091 428 4167 exemplum
445 4091 706 4169 Peripateticorum
730 4100 758 4151 et
782 4092 908 4152 aliorum
930 4093 1084 4151 doctorum
1101 4090 1372 4150 Alexandrinorum
1391 4092 1542 4153 omnesad

260 4217 351 4256 unum
377 4196 535 4274 scriptores
559 4201 594 4259 de
610 4219 787 4276 unaquaque
802 4200 848 4258 vel
873 4198 1072 4259 minutissima
1087 4218 1119 4257 re
1135 4197 1236 4270 adiret,
1262 4198 1313 4256 sed
1338 4199 1422 4260 satis
1447 4202 1544 4262 habere

261 4313 382 4364 coactus
400 4312 445 4365 est
459 4325 552 4365 unum
569 4309 613 4366 vel
625 4309 700 4366 duos
711 4307 852 4382 largiores
868 4307 964 4366 fontes
977 4306 1112 4366 universe
1127 4311 1246 4365 secutus
1259 4305 1412 4368 flosculos
1425 4310 1544 4386 undique

260 4412 414 4488 decerptos
439 4431 493 4472 suo
513 4433 659 4491 quemque
675 4415 740 4474 loco
756 4414 822 4474 vitis
839 4413 977 4473 inserere.
1016 4414 1116 4490 ltaque
1132 4411 1343 4473 Demosthenis
1361 4434 1412 4479 or.
1431 4418 1543 4485 decor,

262 4538 351 4601 quam
359 4519 453 4584 iudea
463 4540 489 4587 c.
502 4522 541 4585 1v
551 4520 739 4601 singulariter
748 4521 831 4602 sequi
839 4528 985 4594 coeperat,
997 4521 1188 4582 tumdemum
1196 4519 1336 4601 deseruit,
1349 4540 1432 4586 curn
1439 4526 1544 4605 vidisset
