3164 5182
683 335 904 401 ..—45--

155 520 288 599 profecta
304 519 351 594 sit,
376 519 499 580 dubium
515 539 574 579 non
591 527 650 593 est3
675 527 828 597 praeterea
843 519 968 602 Theop,
990 538 1059 579 curn
1075 519 1148 596 ipsis
1165 520 1254 579 rebus
1270 518 1433 593 interesset,

153 637 259 690 auctor
283 627 557 707 praestantissimus
581 635 635 687 est.
675 627 778 704 Neque
800 645 868 686 vero
894 627 975 685 solus
1000 627 1214 704 Theopompus
1235 648 1253 687 a
1274 627 1433 686 Plutarcho

151 738 191 797 ad
209 757 275 796 earn
291 757 352 796 rem
370 735 519 795 adhibitus
536 742 590 808 est,
616 736 667 794 sed
689 742 721 793 ut
737 754 813 811 quae
830 734 1030 794 additamenta
1045 735 1122 798 Plut.
1143 711 1433 794 Chaeronensis

152 844 311 904 occasione
328 844 427 902 oblata
444 842 552 919 partim
569 863 605 901 ex
629 842 793 901 domestica
817 844 896 902 sarna
920 841 1028 918 partim
1053 842 1223 901 memoriter
1247 863 1282 902 ex
1307 842 1433 901 aliorum

153 952 298 1011 librorum
314 951 439 1010 lectione
456 951 568 1020 (forsan
585 970 620 1009 ex
633 949 743 1008 Doride
759 948 838 1026 ipso)
855 949 998 1026 repetivit,
1017 945 1288 1026 praeternrittan1¹),
1310 981 1344 988 -
1364 969 1432 1008 nam

154 1059 369 1119 sententiarum
392 1077 502 1117 nexum
525 1058 602 1116 Plut.
628 1076 718 1134 saepe
740 1055 911 1116 domesticis
936 1055 1043 1116 fabulis
1067 1056 1247 1133 perturbavit
1275 1088 1308 1095 —

264 1186 339 1242 cap.
360 1168 399 1225 20
417 1164 592 1224 Aeschinem
611 1184 728 1240 quoque
744 1165 779 1223 de
804 1165 906 1223 eadem
929 1184 960 1222 re
983 1163 1150 1240 inspexisse
1173 1163 1286 1223 videtur
1321 1183 1387 1222 cun:
1407 1163 1432 1223 is

155 1277 185 1346 3,
214 1275 275 1335 130
292 1273 371 1332 haud
387 1271 502 1331 diversa
517 1271 747 1330 Demosthenem
764 1291 909 1330 accusans
929 1271 1050 1345 dixerit:
1076 1260 1144 1327 ἀλλ’
1159 1260 1192 1326 οὐ
1208 1256 1377 1348 προῦλεγον,
1401 1259 1434 1327 oti

151 1378 367 1459 προεσήμαινον
390 1369 459 1458 ἡμῖν
482 1367 508 1433 οἱ
524 1373 590 1433 θεοὶ
611 1371 810 1458 φυλάξασθαι,
835 1373 978 1456 μονονοὺκ
993 1368 1158 1455 ἀνθρώπων
1175 1375 1274 1459 φωνὰς
1290 1370 1434 1459 operiatq-

151 1484 283 1564 σάμενοι;
305 1517 340 1526 -
359 1476 556 1565 Δημοσθένης
572 1478 603 1540 δὲ
619 1477 762 1559 ἀντέλεγε,
785 1479 955 1565 φιλιππίζειν
971 1482 1021 1564 τὴν
1038 1477 1157 1541 Ποθίαν
1172 1483 1303 1565 φάσκων,
1323 1500 1350 1541 ιι.
1366 1500 1389 1540 τ.
1406 1479 1434 1541 λ.

150 1613 281 1671 quocum
305 1593 439 1652 conferas
455 1593 531 1652 Plut.
555 1597 579 1651 c.
600 1594 639 1651 20
656 1591 718 1654 init.
736 1582 812 1670 Δηρ..
835 1585 949 1666 λέγεται
967 1623 1005 1631 -
1024 1581 1088 1647 οὔτε
1104 1595 1251 1671 χρησμοῖς
1274 1585 1325 1648 ἐᾶν
1348 1607 1434 1669 προσ-

149 1700 229 1780 έχειν
241 1690 305 1757 οθτε
323 1689 460 1778 μαντείας
478 1691 603 1767 ἀνοίσειν,
626 1691 706 1756 ἀλλὰ
722 1715 750 1755 ιι.
760 1697 811 1779 τὴν
824 1690 943 1755 Πυθίαν
954 1688 1083 1756 ὑπονοεῖν
1096 1689 1136 1764 ὡς
1148 1692 1368 1779 φιλιππίζουσαν
1383 1730 1432 1755 -.

259 1808 362 1884 Neque
384 1826 452 1866 vero
476 1807 553 1867 Plut.
579 1807 635 1866 hoc
659 1806 775 1866 crimini
798 1806 882 1865 vertit
906 1805 1108 1878 Demostheni,
1134 1805 1193 1865 imo
1218 1825 1286 1864 eurn
1310 1792 1433 1865 excusat

149 1915 261 1975 verbis:
286 1913 375 1994 μέχρι
398 1912 449 1993 μὲν
473 1904 521 1970 οὖν
544 1910 651 1970 τοίντων
674 1905 748 1993 ἀνὴρ
772 1905 807 1993 ἦν
831 1905 957 1988 ἀγαθός.
1226 1918 1228 1922 ’
1355 1903 1358 1909 ’

257 2020 367 2079 Contra
391 2020 468 2079 idem
492 2020 528 2078 de
552 2020 705 2096 ignavia
726 2020 945 2093 Demosthenis,
971 2040 1062 2096 quam
1086 2020 1145 2079 iam
1169 2040 1194 2080 c.
1215 2003 1432 2096 141101averar,

151 2147 223 2186 curn
240 2147 300 2186 non
317 2128 414 2186 solum
430 2126 558 2186 Demetr.
575 2127 659 2189 Phal.
678 2128 716 2200 (c.
737 2125 800 2199 14),
817 2126 1007 2200 Aeschinem,
1029 2128 1181 2204 Pytheam,
1207 2129 1258 2187 sed
1274 2135 1306 2188 ut
1322 2128 1434 2188 videtur

148 2233 241 2293 etiam
257 2234 484 2310 Theopompum
507 2234 724 2293 consentientes
748 2233 878 2306 vidisset,
904 2234 1006 2292 eadem
1023 2235 1139 2309 referre,
1165 2235 1236 2312 quin
1253 2236 1341 2295 etiam
1358 2235 1433 2312 ipsis

148 2341 386 2400 adversariorum
411 2341 506 2399 verbis
530 2341 573 2400 uti
598 2341 705 2400 veritus
729 2361 788 2400 non
812 2349 865 2400 est.
901 2340 1029 2416 Pytheae
1045 2343 1238 2420 opprobrium
1260 2343 1324 2402 sine
1339 2343 1428 2402 dubio

149 2468 187 2507 ex
211 2448 303 2525 stirpe
325 2449 516 2524 desumptum
540 2456 594 2521 est,
620 2448 699 2524 quod
723 2447 839 2507 collatis
864 2448 916 2520 eiS,
942 2468 1017 2525 quae
1035 2469 1126 2527 supra
1142 2451 1179 2508 ad
1195 2470 1220 2510 c.
1242 2452 1280 2509 14
1298 2449 1434 2527 exposita

151 2563 232 2629 sunt,
258 2556 388 2632 apertius
413 2557 470 2615 fiet,

257 2663 307 2722 De
339 2683 459 2740 pugna
490 2662 603 2721 videtur
625 2663 702 2725 Plut.
728 2663 826 2721 solum
855 2660 1084 2740 Theopompum
1116 2671 1235 2723 secutus
1266 2683 1349 2736 esse,
1381 2665 1432 2723 sed

148 2769 252 2829 omnia
275 2770 401 2830 breviter
425 2779 453 2829 et
475 2778 542 2847 apte
559 2768 739 2846 perstrinxit,
765 2768 929 2828 doctrinam
947 2790 1006 2828 non
1024 2770 1137 2829 iactans
1155 2770 1314 2845 (Wichers,
1340 2770 1434 2829 Theo·

149 2875 254 2954 pompi
275 2879 379 2952 fragm.
407 2910 441 2917 -
467 2898 495 2954 p.
515 2879 577 2937 258
602 2897 667 2954 sqq.
690 2884 723 2936 et·
738 2877 844 2935 Mtiller
866 2878 900 2936 fr.
928 2877 957 2936 h.
980 2878 1029 2937 Gr.
1054 2878 1158 2952 fragm.
1187 2879 1277 2951 262);
1302 2886 1432 2936 ceterum

149 2985 256 3044 verba:
281 2976 310 3041 ἐν
333 2983 413 3064 μέρει
437 2989 532 3063 μικρῷ
556 2989 625 3062 μιᾶς
648 2975 763 3064 ἡμέρας
787 2983 816 3042 in
833 2983 941 3043 Aesch.
966 2987 994 3058 3,
1023 2987 1083 3045 148
1108 2986 1257 3044 nituntur:
1283 2975 1433 3041 Φιλίπποο

149 3121 191 3131 --
217 3080 277 3146 οὐδ’
299 3083 470 3165 ἀγνοοῦντος
493 3082 535 3147 ὅτι
558 3087 622 3168 περὶ
645 3095 700 3146 τῶν
724 3080 913 3170 ὑπαρχόντων
937 3082 1061 3165 ἀγαθῶν
1084 3083 1119 3148 ἐν
1143 3083 1214 3173 ἡμέ
1222 3109 1289 3170 ρας
1312 3097 1432 3171 μικρῷ

147 3194 257 3277 μέρει
287 3191 553 3273 διαγωνιεῖται.
602 3197 650 3270 (cf.
682 3193 758 3256 infra
788 3198 825 3256 ad
849 3217 873 3256 c.
901 3200 941 3256 22
965 3199 1001 3256 de
1024 3199 1166 3258 vocabulo
1191 3192 1432 3280 φιλανθρώπως.)

258 3304 307 3364 De
330 3306 532 3365 Persarum
556 3305 734 3382 pecunia,
768 3312 868 3363 utrum
891 3305 967 3365 Plut.
993 3305 1117 3382 stirpem
1141 3327 1179 3365 an
1203 3306 1432 3382 Theopompum
1546 3302 1548 3307 ’

148 3410 263 3486 adierit,
275 3413 355 3472 haud
366 3413 451 3472 facile
463 3414 558 3473 dictu:
575 3413 718 3490 stirpem?
732 3433 757 3471 c.
774 3414 822 3485 14,
837 3413 887 3471 ubi
899 3432 997 3472 mores
1010 3414 1219 3473 Demosthenis
1232 3421 1430 3486 recensentur,

152 3520 257 3578 eadem
280 3540 327 3579 res
351 3521 477 3581 breviter
500 3528 769 3592 commemoratum
794 3520 1044 3596 Theopompum?
1073 3541 1098 3581 c.
1126 3524 1165 3580 20
1191 3541 1237 3580 res
1263 3527 1362 3596 gestae
1385 3520 1432 3578 de·

150 3627 322 3704 pinguntur.
358 3629 419 3687 illic
435 3628 523 3704 igitur
547 3647 664 3687 morum
688 3627 887 3702 investigator,
912 3628 960 3686 hic
983 3647 1050 3687 vere
1073 3628 1249 3700 historicus3
1274 3628 1373 3705 itaque
1396 3628 1431 3686 de

149 3735 347 3812 Theopompo
371 3736 576 3811 cogitabimus,
603 3736 652 3812 qui
676 3735 741 3813 ipse
763 3735 810 3795 his
833 3737 921 3795 rebus
937 3736 1117 3798 interfuerat.
1155 3735 1237 3806 Quae
1254 3734 1278 3793 si
1295 3734 1335 3793 ita
1352 3740 1429 3807 sunt,

148 3842 227 3902 Plut.
244 3843 333 3903 nixus
349 3843 497 3902 Demetrio
514 3844 608 3917 Phal.,
634 3843 838 3921 Theopompo,
863 3843 1010 3903 Aeschine
1027 3844 1105 3915 (coll.
1126 3845 1154 3916 3,
1174 3844 1252 3914 157,
1266 3843 1337 3913 173,
1356 3843 1430 3914 209,

147 3939 224 4026 239,
250 3952 323 4022 244,
348 3941 426 4021 259)
454 3950 532 4008 hanc
560 3970 621 4008 rem
644 3949 836 4009 Demostheni
860 3951 1014 4009 adversam
1037 3949 1129 4009 literis
1154 3949 1292 4009 condidit.
1328 3948 1432 4007 Demo·

149 4056 247 4115 stheni
272 4076 324 4115 cur
347 4057 394 4115 his
419 4057 448 4115 in
472 4058 560 4115 rebus
585 4077 671 4116 aures
695 4076 755 4116 non
779 4058 955 4133 praebuerit,
982 4078 1033 4134 per
1057 4077 1090 4116 se
1105 4037 1294 4132 intelligitur}
1318 4055 1432 4115 narnis

149 4163 221 4223 talia
245 4171 295 4223 aut
320 4163 437 4223 silentio
460 4163 533 4223 texit
557 4172 607 4223 aut
632 4165 821 4241 paucissimis
846 4165 950 4240 attigit.

257 4315 279 4386 1)
299 4318 475 4386 Perspicuum
494 4325 542 4383 est,
563 4320 633 4387 quod
654 4320 734 4373 Duris
754 4320 786 4372 de
804 4319 907 4388 origine
921 4319 1039 4373 nominis
1051 4316 1192 4390 Θερμώδων
1204 4317 1355 4389 explicavit,
1375 4333 1431 4370 non

149 4408 185 4460 ad
198 4407 264 4461 illud
277 4409 354 4476 prius
368 4409 515 4474 oraculum,
530 4409 603 4476 quod
616 4409 794 4478 Theopompo
808 4411 979 4463 tribuendum
995 4414 1043 4472 est,
1063 4415 1193 4476 spectare.
1208 4410 1253 4462 sed
1268 4410 1300 4462 ud
1316 4410 1430 4462 alterum

149 4497 255 4551 exhor
275 4516 291 4551 a
309 4498 457 4551 Plutarcho
476 4515 499 4551 c.
521 4497 552 4549 19
573 4503 660 4552 extr.
680 4500 861 4569 desumptum.
