3164 5182
607 352 823 417 -55..

10 530 12 539 '
62 534 149 595 nihil
168 554 201 593 se
217 554 252 594 ex
269 554 304 594 ea
320 534 448 611 amplius
466 535 608 611 proficere
629 555 727 614 posse,
753 535 1006 612 Theopompoque
1022 541 1050 593 et
1065 533 1205 594 Aeschini
1221 554 1253 593 se
1269 554 1359 611 quam

60 641 207 702 maxime
223 641 364 715 adiunxit,
383 662 451 702 cum
467 644 504 702 ab
521 643 563 703 eis
580 645 703 705 allectus
721 651 808 717 esset,
826 642 898 702 nihil
916 661 1023 703 curans
1036 641 1203 701 Philochori
1221 642 1356 701 aliorum·

61 768 130 827 que
158 749 326 824 aequalium
349 750 394 808 vel
418 751 644 826 subaequalium
667 771 767 811 rerum
791 750 968 827 scriptorum
992 749 1142 809 historias.

183 856 252 914 Inde
268 856 357 915 etiam
373 857 424 916 illa
439 858 640 933 neglegentiae
656 858 764 918 indicia
780 857 817 930 (c.
833 859 901 917 lde
917 856 1099 930 educatione,
1117 876 1141 917 c.
1158 858 1197 918 17
1211 858 1247 917 de
1263 858 1357 917 Theo·

60 962 191 1040 phrasti
214 961 341 1036 nomine,
367 983 392 1022 c.
421 966 458 1024 17
484 965 519 1023 de
542 966 619 1024 bello
642 964 863 1041 Amphissensi)
888 962 1031 1039 originem
1056 964 1175 1023 ducunt.

183 1069 382 1128 Nihilominus
398 1070 556 1129 Plutarcho
573 1072 682 1146 gratias
699 1072 807 1130 habere
831 1071 981 1143 debemus,
1008 1071 1086 1147 quod
1110 1078 1171 1130 tam
1195 1073 1356 1131 multarum

57 1185 196 1253 tamque
218 1176 378 1235 illustrium
402 1198 499 1237 rerum
520 1178 695 1238 memoriam
712 1177 850 1237 condidit.
887 1177 964 1236 Nam
980 1176 1242 1254 Peripateticorum
1266 1198 1356 1255 opera

59 1292 242 1361 temporum
257 1284 366 1344 invidia
381 1283 553 1344 interierunt
569 1293 606 1357 et,
621 1305 801 1362 quamquam
814 1285 908 1344 multa
923 1304 959 1344 ex
976 1284 1012 1343 iis
1025 1285 1189 1359 fragmenta
1202 1286 1357 1345 sedulitate

58 1390 349 1467 Pseudoplutarchi,
374 1390 469 1465 Photi,
494 1391 647 1464 Athenaei,
665 1392 782 1463 Suidae,
805 1391 986 1468 reliquorum
1002 1391 1155 1451 hominum
1172 1392 1355 1468 antiquitatis

61 1498 277 1559 studiosorum
290 1506 415 1557 aetatem
426 1499 565 1571 tulerunt,
579 1506 679 1559 tamen
693 1519 789 1576 saepe,
804 1499 919 1575 opinor,
934 1499 1014 1558 dubii
1022 1500 1211 1559 haereremus
1220 1508 1247 1559 et
1256 1520 1354 1560 rerum

59 1605 329 1665 nobilissimarum
353 1605 446 1680 ignari
471 1605 615 1679 essemuS,
640 1605 697 1665 nisi
713 1606 890 1665 Plutarchus
915 1606 987 1665 haec
1012 1626 1120 1682 magna
1144 1607 1260 1684 pietatis
1285 1627 1356 1667 suae

61 1731 145 1788 erga
169 1711 296 1771 maiores
321 1712 516 1772 exstruxisset
539 1721 740 1775 monumenta.
