3164 5182
785 329 998 399 ...46-

356 519 466 582 Contra
481 520 561 599 prior
578 539 647 601 pars
663 539 739 596 cap.
757 521 796 580 21
817 525 877 578 tcta
894 515 996 577 nititur
1012 517 1096 581 Dent.
1116 535 1158 578 or.
1178 517 1214 578 de
1231 536 1291 584 cor.
1308 519 1325 591 ἓ
1345 520 1527 596 248-250,

249 632 437 693 285-286:

412 753 489 817 Plut.
515 771 539 813 ο.
567 756 605 814 21
632 751 695 812 init.
1072 751 1225 811 Demosth.
1251 751 1287 810 de
1311 770 1375 811 eor.

295 865 323 924 1,
346 859 410 917 τότε
425 854 457 916 δὲ
473 849 500 916 οἱ
519 858 572 938 μέν
586 851 863 936 ἀντιπολιτευόμενοι
962 859 990 917 1.
1013 854 1066 913 καί
1093 856 1166 936 μετά
1189 861 1280 916 ταῦτα
1302 857 1475 915 συστάντων
1496 849 1531 924 οἷς

247 959 368 1049 ῥήτορες
392 957 611 1047 ἐπεμβαίνοντες
633 971 672 1044 τῷ
688 957 765 1047 Δημ.
788 980 862 1022 κατ·
914 956 949 1044 ἦν
962 959 1208 1045 έπιμελέςκακῶς
1220 955 1272 1045 ἐμέ
1281 967 1413 1023 ποιεῖνκ.
1422 963 1531 1048 γραφάς

247 1071 405 1140 εσκεόαίον
434 1063 560 1138 εόθόνας
589 1070 642 1130 καί
670 1070 788 1154 γραφάς
818 1061 862 1128 ἐπ’
914 1061 1050 1145 εάθόνας,
1068 1063 1261 1149 εἰσαγγελίας,
1279 1071 1378 1130 πάντα
1390 1067 1474 1131 ταῦτ’
1487 1062 1531 1129 ἐπ-

248 1171 342 1239 αότόν.
914 1177 1041 1254 αγόντων
1065 1195 1114 1259 μοι
1138 1179 1167 1253 (ἓ
1194 1180 1270 1252 249)

295 1291 323 1348 2.
353 1277 369 1344 ὁ
397 1281 429 1343 δὲ
457 1279 554 1368 δῆμος
579 1275 613 1345 οὔ
640 1282 727 1366 μόνον
754 1285 861 1346 τοότων
960 1289 989 1347 2.
1003 1276 1037 1343 δι’
1047 1275 1124 1366 ὑμᾶς
1140 1300 1168 1342 κ.
1181 1283 1247 1352 τοὺς
1259 1279 1375 1353 ἄλλους
1385 1279 1532 1368 Ἀθηναί-

248 1387 383 1468 ἀπέλυεν,
914 1409 965 1460 ους
988 1383 1140 1473 ἐσωζόμην
1162 1394 1190 1467 (5
1209 1397 1290 1467 2493
1315 1396 1354 1456 cf.
1368 1403 1398 1456 et
1415 1397 1434 1468 ἐ
1455 1395 1531 1468 285).

294 1505 323 1565 3.
348 1493 428 1558 ἀλλὰ
450 1516 478 1560 κ.
496 1505 583 1581 τιμῶν
606 1495 723 1558 διετέλει
744 1517 772 1558 κ.
788 1516 861 1580 προ·
960 1504 989 1562 3.
1014 1497 1088 1579 μετά
1103 1499 1159 1578 γάρ
1175 1497 1227 1581 τὴν
1246 1500 1351 1582 μάχην
1364 1494 1533 1582 ἐχειροτόνει

247 1603 431 1688 καλοίμενος
451 1599 539 1673 αὖθις
562 1599 603 1673 ὡς
625 1597 724 1665 εθνουν
747 1599 787 1674 είς
810 1606 862 1689 την
915 1608 943 1681 (β
976 1607 1052 1678 248)
1084 1599 1264 1691 ἐψηφίζεσθε
1294 1607 1331 1666 τά
1364 1603 1475 1688 ἄριστά
1504 1628 1533 1691 με

249 1710 403 1786 πολιτείαν,
914 1713 1044 1793 πράττειν
1068 1715 1097 1788 (ἓ
1120 1718 1200 1787 2503
1225 1717 1261 1776 ef.
1287 1715 1381 1776 etiam
1406 1719 1424 1789 ἓ
1454 1719 1532 1790 286).

294 1825 324 1882 4.
342 1813 415 1878 ὥστε
426 1836 454 1879 κ.
466 1827 521 1879 τῶν
532 1813 638 1879 ἀστέων
653 1812 688 1879 ἐκ
700 1815 861 1903 Χαιρωνεί-
960 1825 1168 1900 4.χειροτονῶν
1175 1813 1362 1903 γάρόδημος
1370 1821 1422 1881 τὸν
1430 1816 1532 1903 ἐροῦντ’

249 1945 286 1995 ας
297 1925 496 2007 κομισθέντων
508 1944 536 1986 κ.
549 1926 742 2010 θαπτομένων
757 1927 804 1987 τὀν
816 1922 862 1987 ἐπί
914 1921 961 1987 ἐπὶ
984 1933 1043 1996 τοῖς
1063 1924 1290 2010 τετελευτηκόσι,
1313 1919 1387 2009 παρ’
1412 1919 1490 1989 αάτά
1504 1927 1534 1987 τά

248 2039 308 2101 τοῖς
323 2028 458 2114 ἀνδράσιν
473 2029 588 2094 ἔπαινον
608 2027 695 2093 εἰπεῖν
710 2028 862 2095 ἀπέδωκεν
914 2033 1064 2117 συμβάντα
1083 2068 1119 2078 -
1139 2028 1340 2117 ἐχειροτόνησε
1359 2028 1416 2116 ἐμέ
1435 2041 1533 2109 §285.

357 2162 453 2220 Locus
479 2181 606 2238 sequens
630 2180 685 2221 nos
710 2162 821 2238 invitat,
846 2173 877 2225 ut
899 2165 1022 2242 paulurn
1046 2162 1259 2221 subsistamus:
1285 2160 1473 2222 Plutarchus
1493 2164 1535 2223 ob·

250 2269 380 2345 loquitur
392 2269 596 2346 Theopompo,
611 2269 661 2346 qui
672 2269 903 2332 Atheniensibus
920 2270 1113 2343 maledixerit,
1128 2270 1206 2346 quod
1219 2270 1334 2328 cladem
1348 2269 1535 2330 Chaeronen-

253 2397 316 2435 sem
332 2375 440 2435 animis
458 2376 579 2435 abiectis
595 2373 755 2448 tulerint¹).
804 2379 880 2439 Cum
896 2387 1004 2452 autem,
1030 2377 1079 2454 qui
1103 2378 1250 2436 derebus
1275 2376 1368 2452 gestis
1393 2377 1534 2437 iudicium

252 2484 317 2556 fert,
335 2484 504 2561 complures
522 2483 682 2560 scriptores
700 2504 891 2562 comparasse
903 2505 1026 2546 necesse
1042 2485 1089 2557 sit,
1107 2483 1250 2560 originem
1265 2485 1444 2544 verborum:
1464 2476 1536 2564 ὁδη-

251 2605 307 2669 μος
328 2623 367 2630 -
392 2595 432 2667 τῷ
455 2595 539 2669 τιμᾶν
562 2585 689 2669 μάλιστα
712 2608 740 2649 κ.
763 2597 884 2673 κοσμεῖν
907 2591 954 2650 τὸν
978 2584 1143 2670 σόμβουλον
1167 2583 1417 2668 ἀποδεικνόμενος
1442 2589 1477 2648 τὸ
1500 2587 1536 2670 μὴ

249 2691 471 2777 μεταμέλεσθαι
486 2700 545 2762 τοῖς
560 2691 800 2778 βεβουλευμένοις
817 2721 841 2761 c.
858 2704 897 2761 21
910 2702 987 2760 med.
1004 2700 1144 2774 indagare
1161 2698 1322 2774 plurimum
1338 2698 1445 2772 refert,
1465 2699 1536 2776 quod

251 2805 324 2863 mihi
349 2805 476 2863 multum
500 2805 556 2863 hac
579 2805 610 2864 in
633 2826 664 2865 re
687 2808 815 2867 versanti
831 2808 1121 2883 Demosthenemque
1137 2805 1272 2882 inprimis
1296 2805 1449 2865 volutanti
1476 2825 1537 2865 con·

249 2912 351 2987 tigisse
375 2912 521 2972 existimo.
559 2912 656 2989 Supra
672 2915 751 2974 enirn
767 2915 959 2975 Plutarchum
976 2914 1082 2974 miram
1099 2913 1181 2973 illam
1203 2914 1337 2972 fortunae
1362 2913 1536 2990 opinionem

249 3040 285 3080 ex
314 3020 513 3079 Demosthene
541 3021 700 3096 adoptasse
727 3022 818 3082 videri
849 3022 983 3099 exposui.
1036 3021 1167 3080 indidem
1195 3020 1225 3078 ni
1253 2997 1345 3078 fallor*
1369 3019 1455 3081 Plut.
1488 3021 1537 3081 sibi

248 3147 333 3187 arma
353 3125 505 3203 quaesivit,
531 3127 638 3204 quibus
654 3128 851 3189 Athenienses
868 3151 886 3189 a
902 3130 1097 3206 Theopompo
1114 3128 1288 3186 defenderet.
1326 3125 1452 3187 Etenim
1470 3129 1537 3188 nihil
1574 3136 1576 3207 γ

249 3234 329 3294 aliud
341 3234 411 3292 dicit
418 3234 495 3293 Plut.
509 3242 597 3311 atque
605 3235 688 3294 Dem.
701 3237 738 3295 de
751 3257 809 3297 cor.
824 3239 840 3308 β
856 3239 1039 3309 206-207,
1054 3235 1104 3312 qui
1116 3233 1324 3305 Athenienses,
1342 3233 1369 3292 si
1384 3234 1454 3294 suis
1472 3255 1535 3294 con·
1574 3216 1576 3259 ³

250 3343 324 3402 siliis
337 3361 450 3401 morem
463 3342 593 3417 gessisse
604 3344 760 3420 poeniteat,
779 3344 861 3422 ipsos
875 3344 1053 3421 peccavisse,
1071 3362 1129 3401 non
1144 3343 1278 3401 fortunae
1289 3341 1454 3417 iniquitate
1467 3362 1535 3402 usos

249 3470 324 3523 esse,
349 3450 476 3527 probare
500 3451 605 3510 studet.

356 3573 479 3650 Egregie
508 3575 554 3635 his
578 3576 673 3635 verbis
698 3578 839 3637 docemur
862 3577 1054 3637 Plutarchum
1075 3573 1283 3634 Demosthenis
1307 3580 1384 3633 orat.
1410 3575 1452 3634 de
1477 3593 1533 3637 cor.

251 3702 368 3743 summo
386 3683 483 3742 studio
499 3684 623 3759 legisse;
641 3684 689 3744 cui
705 3685 867 3744 sententiae
884 3691 912 3743 et
928 3703 1004 3761 quae
1021 3685 1241 3758 subsequuntur
1253 3681 1439 3741 documento
1454 3690 1534 3754 sunt3

249 3887 326 3954 εἰᾶτε
348 3895 380 3954 τὸ
396 3889 608 3978 Δημοσθένους
631 3891 796 3981 ἐπιγράφειν
819 3891 920 3977 ὄνομα,
944 3890 1024 3954 ἀλλά
1040 3889 1206 3952 Ναυσικλεῖ
1220 3899 1301 3951 τοῦτο
1324 3896 1535 3971 προσετάττετε

250 4005 454 4082 transscripsit
474 4006 529 4066 hoc
551 4009 654 4067 modo:
680 4010 738 4072 τοῖς
760 4001 792 4062 δὲ
811 4003 992 4088 ψηφίσμασιν
1011 3995 1068 4084 οόχ
1091 3994 1202 4075 ἑαυτόν,
1228 3991 1294 4057 ἀλλ’
1317 3991 1347 4056 ἐν
1371 3999 1460 4080 μέρει
1483 4008 1536 4059 τῶν

250 4105 341 4192 φίλων
357 4103 480 4169 ἕκαστον
495 4104 657 4195 ἐπέγραφεν
673 4113 856 4186 (Nausiclem
872 4111 1064 4173 Demostheni
1084 4109 1301 4170 amicissimum
1316 4107 1412 4167 luisse
1430 4118 1535 4170 notum

250 4218 317 4292 est),
342 4219 551 4280 Demosthenis
567 4222 723 4280 verborum
740 4240 854 4280 memor
872 4221 950 4279 hanc
974 4239 1096 4279 causam
1120 4217 1212 4276 addit:
1238 4207 1477 4298 secrantopevoq
1492 4216 1536 4276 τὸν

247 4317 318 4382 ἴδιον
341 4320 467 4405 δαίμονα
489 4344 517 4384 κ.
541 4327 592 4409 τὴν
614 4325 715 4409 τόχην.

251 4447 464 4455 ...n—w

358 4498 379 4568 ¹)
403 4500 501 4554 Vocem
520 4500 641 4574 τραγῳδεῖ
662 4503 747 4573 ipsius
760 4499 899 4556 Plutarchi
918 4518 976 4556 esse
995 4505 1108 4571 apparet
1127 4516 1159 4553 ex
1180 4497 1273 4554 Pericl.
1294 4495 1327 4550 28
1346 4502 1375 4551 et
1388 4497 1483 4555 Artax
1498 4499 1535 4558 18.
