3164 5182
792 389 1004 455 ..22..

256 571 345 633 modo
369 569 578 648 cognovirnus;
606 571 711 633 deinde
734 573 783 633 ille
806 575 889 633 locus
914 572 1079 633 doctrinam
1104 592 1174 651 prae
1198 592 1230 633 se
1253 572 1307 633 fert
1331 580 1360 634 et
1384 581 1535 651 praeterea

257 681 292 739 ad
307 680 487 740 comicorum
499 681 703 740 auctoritatem
717 681 846 758 respicit,
871 701 945 757 qrros
963 679 1258 741 adissePlutarchnrn
1269 681 1368 757 ipsum
1379 700 1534 756 negamus,

255 787 380 864 denique
396 795 456 847 tarn
473 796 553 847 arcte
569 808 638 847 cum
654 789 758 847 ceteris
776 789 950 849 coniunctus
967 797 1020 861 θεῖ,
1045 795 1076 847 οῖ
1093 787 1206 863 seiungi
1222 808 1281 846 non
1298 788 1405 864 possit.
1443 788 1537 865 Atque

256 915 436 972 quamquam
469 894 557 955 certis
587 895 646 956 nixi
670 896 879 956 Demosthenis
908 896 984 956 vitae
1013 896 1129 955 indiciis
1152 895 1344 955 Plutarchum
1374 896 1480 973 ipsum
1504 897 1536 956 ad

255 1002 463 1063 Demosthenis
493 1003 584 1063 vitam
613 1005 856 1064 conscribendam
881 1003 1042 1064 Midianam
1070 1002 1201 1063 studiose
1228 1002 1336 1078 degisse
1366 1022 1535 1076 censemus

255 1118 354 1171 tamen
378 1111 457 1171 aliud
482 1119 527 1170 θεῖ
551 1111 680 1187 aliquam
704 1111 838 1170 notitiam
863 1111 930 1170 inde
953 1113 1108 1188 decerpere
1133 1128 1167 1169 ac
1191 1128 1307 1168 morum
1328 1116 1357 1168 et
1380 1110 1461 1170 vitae
1478 1131 1537 1186 per·

255 1218 473 1296 spiciendorum
497 1238 588 1278 causa
614 1227 705 1278 totarn
730 1219 892 1279 orationem
918 1217 1105 1295 perscrutari.
1145 1215 1222 1275 Nam
1253 1223 1281 1276 et
1309 1215 1381 1275 illud
1407 1217 1536 1276 hominis

254 1325 333 1385 docti
361 1325 554 1385 Alexandrini
579 1334 623 1385 est
646 1345 750 1403 nepue,
777 1327 825 1403 spui
849 1347 947 1386 mores
971 1344 1150 1402 cognoscere
1174 1325 1279 1396 studet,
1305 1323 1403 1384 facere
1431 1333 1534 1401 potest,

255 1431 326 1509 quin
350 1440 465 1510 praeter
488 1453 530 1492 or.
555 1434 591 1491 de
615 1453 674 1496 cor.
700 1454 764 1492 earu
790 1433 977 1510 potissimum
1003 1433 1096 1493 adeat.

362 1538 500 1600 Ceterum
512 1540 670 1599 tenendum
683 1548 727 1599 est
740 1540 897 1599 verisimile
909 1561 976 1600 esse
983 1539 1184 1611 Plutarchum,
1205 1557 1272 1596 curn
1288 1537 1412 1598 vidisset
1426 1541 1535 1599 fontem

255 1645 429 1722 primarium
454 1647 573 1722 saepius
597 1647 634 1705 ad
658 1646 739 1705 illam
757 1647 919 1706 orationem
937 1667 968 1706 se
983 1647 1100 1719 referre,
1126 1646 1224 1722 ipsum
1248 1666 1313 1705 eam
1337 1647 1487 1706 evolvisse
1510 1654 1536 1706 ct

254 1752 408 1828 diligenter
431 1753 683 1830 pervestigavisse.

362 1859 438 1931 Quid
461 1861 527 1937 ipse
549 1861 691 1932 hauserit,
717 1861 786 1937 quid
802 1861 991 1938 descripserit
1007 1879 1154 1936 exponere
1171 1861 1207 1919 ab
1223 1859 1279 1917 hoc
1295 1860 1361 1918 loco
1378 1859 1534 1930 abhorret,

255 1967 311 2026 hoc
339 1969 520 2027 monendum
549 1968 602 2027 fuit
626 1969 684 2027 ianr
709 1976 777 2028 aute
800 1968 993 2027 Plutarchum
1018 1967 1156 2044 Satyrum
1178 1967 1339 2026 hlidianam
1363 1969 1535 2029 excussisse

255 2082 335 2135 certa
358 2075 466 2134 indicia
490 2083 615 2134 exstare.

362 2181 404 2241 lta
419 2181 497 2240 hanc
513 2181 715 2258 quaestionem
735 2202 806 2241 sane
819 2182 936 2258 plenam
950 2181 1157 2242 difficultatum
1168 2181 1341 2241 dissolvisse
1354 2200 1423 2241 cunr
1437 2182 1477 2242 ali
1490 2202 1536 2260 pua

256 2288 462 2366 probabilitate
485 2289 571 2348 nobis
597 2289 736 2350 videmur.

363 2395 510 2468 Quoniam
523 2396 621 2470 igitur
644 2396 833 2455 undecimum
857 2417 973 2473 <tuorna
997 2404 1086 2474 caput
1105 2396 1180 2456 vitae
1196 2395 1357 2455 Alcibiadis
1374 2416 1410 2454 ex
1430 2396 1535 2472 Satyro

255 2504 446 2579 desumptum
470 2522 536 2562 θεεθ
560 2510 684 2575 constat,
711 2523 778 2562 curu
802 2503 950 2561 decimum
971 2511 998 2562 et
1014 2504 1221 2562 duodecimum
1239 2502 1315 2562 sicut
1331 2502 1536 2562 antecedentia

255 2630 292 2669 ex
316 2611 420 2669 eodem
442 2608 523 2668 fonte
546 2610 654 2670 hausta
678 2611 746 2683 sint,
771 2611 970 2686 fragmentum
994 2617 1093 2670 autern
1117 2610 1195 2668 illius
1212 2608 1351 2668 carminis
1368 2609 1491 2686 epinicii
1508 2610 1535 2669 in

255 2717 338 2777 Dem.
356 2717 432 2777 vitae
449 2736 513 2792 cap.
532 2717 627 2793 primo
645 2719 792 2793 prolatum
809 2720 843 2777 ad
861 2739 924 2777 carn
950 2725 1061 2795 partem
1083 2716 1157 2776 vitae
1173 2716 1333 2776 Alcibiadis
1347 2717 1534 2776 referendum

256 2823 303 2897 sit,
329 2843 404 2901 quae
427 2825 491 2883 sine
513 2824 602 2882 dubio
618 2843 653 2883 ex
671 2824 767 2901 Satyri
784 2825 851 2884 stilo
874 2826 966 2898 flrrxit,
991 2824 1197 2884 necessitatem
1222 2831 1387 2883 memoratu
1412 2824 1536 2900 dignam

257 2930 332 2990 inter
356 2938 511 3008 utramque
535 2931 626 2990 vitam
649 2931 828 2992 intercedere
852 2933 918 3009 quis
942 2941 987 2992 est
1010 2932 1060 3009 qui
1083 2937 1188 3006 neget?
1216 2963 1250 2971 -

361 3039 427 3098 Hoc
449 3039 515 3096 loco
539 3037 618 3097 aliud
643 3058 758 3116 quoque
783 3040 885 3116 paucis
910 3041 1071 3100 absolvam.

362 3144 478 3204 Etenim
501 3145 610 3204 mirum
634 3153 687 3218 est,
714 3149 791 3223 quod
814 3148 890 3206 Plut.
908 3147 1139 3206 idomeneum
1162 3147 1370 3222 Lampsac,
1397 3147 1485 3205 cuius
1511 3153 1538 3205 ct

256 3253 321 3313 aliis
332 3253 406 3312 locis
423 3260 451 3312 et
467 3253 496 3312 in
506 3252 660 3312 Demosth.
673 3252 730 3312 vita
745 3253 791 3312 bis
808 3254 987 3314 mentionem
1001 3254 1078 3326 facit,
1096 3254 1124 3312 in
1142 3253 1247 3312 aliare
1263 3273 1382 3328 prorsus
1396 3254 1536 3329 neglexit.

257 3361 396 3435 Legimus
413 3359 490 3418 enim
508 3360 542 3419 fr.
562 3361 600 3419 13
620 3359 679 3436 (ap.
705 3359 811 3420 Athen.
836 3361 986 3438 x11l592
1012 3361 1042 3432 F,
1067 3361 1171 3420 Mtiller
1194 3361 1217 3418 ll
1242 3360 1318 3431 492)
1346 3355 1537 3419 idomeneum

256 3467 388 3526 fabulam
404 3469 551 3543 quandam
566 3488 583 3526 a
597 3468 795 3527 Demosthene
818 3468 883 3544 ipso
900 3469 928 3526 in
942 3468 1070 3527 Midiana
1085 3470 1241 3527 refutatam
1259 3468 1364 3525 iterum
1381 3467 1538 3542 repetiisse

257 3574 394 3650 aliudque
407 3573 571 3633 convicium
585 3575 706 3652 insuper
719 3575 748 3633 in
759 3575 910 3634 libidinem
922 3575 1131 3634 Demosthenis
1149 3575 1350 3649 congessisse:
1368 3566 1539 3639 ἀκόλαστος

256 3671 281 3735 δ’
304 3672 339 3761 ἧν
363 3671 379 3737 ὁ
402 3671 498 3761 ῥήτωρ
522 3678 587 3758 περὶ
609 3680 646 3738 τὰ
668 3674 832 3763 ἀφροδίσια,
861 3673 901 3748 ὥς
924 3698 1009 3763 φησιν
1031 3672 1201 3760 ’lingentes
1246 3672 1447 3760 Ἀριστάρχου
1470 3685 1538 3756 γοῦν

253 3803 328 3853 τινος
351 3777 490 3865 ἐρασθεὶς
514 3786 665 3866 μειρακίον)
693 3785 745 3844 καὶ
774 3779 809 3844 δῦ
835 3779 905 3844 αὐτὸ
934 3788 1114 3869 παροινήσας
1141 3779 1182 3853 εἰς
1205 3781 1377 3869 Νικόδημον
1399 3778 1538 3866 ἐξέκοψεν

255 3884 343 3951 abaco
367 3890 433 3960 τοὺς
457 3885 636 3975 ὀφθαλμοῖς
651 3911 678 3952 κ.
695 3911 717 3950 τ.
734 3889 761 3951 λ.
800 3895 879 3954 ldem
904 3914 970 3954 cum
996 3894 1178 3972 Hermippus
1203 3896 1345 3972 receperit
1369 3895 1417 3965 (cf.
1441 3897 1476 3954 fr.
1497 3899 1537 3956 59

257 4001 317 4060 ianr
335 4021 425 4077 supra
443 4001 500 4060 alia
517 4002 552 4060 de
565 4021 656 4061 eausa
669 4002 813 4074 allatum),
833 4001 970 4078 Satyrum
989 4022 1106 4079 (proque
1123 4002 1364 4080 transscripsisse
1380 4001 1541 4062 verisimile

255 4116 313 4179 est;
338 4129 408 4167 narn
432 4108 462 4166 hi
486 4107 538 4167 viri
562 4109 649 4182 docti,
676 4129 734 4185 qua
758 4117 841 4168 erant
864 4108 1023 4184 diligentia,
1049 4110 1138 4168 etiam
1155 4130 1230 4186 quae
1246 4108 1454 4169 commenticia
1471 4130 1539 4169 esse

255 4223 469 4290 cognoverant,
501 4215 530 4274 in
563 4235 651 4274 usum
677 4235 764 4275 suum
788 4223 958 4275 convertere
983 4216 1127 4274 solebant.
1175 4216 1311 4288 Quanam
1335 4215 1422 4290 igitur
1447 4235 1541 4276 causa

253 4322 431 4381 Plutarchus
455 4323 533 4381 hanc
557 4343 620 4382 rem
645 4342 879 4383 commemorare
903 4343 1026 4400 prorsus
1052 4323 1255 4398 supersedisse
1279 4323 1413 4381 videtur?
1461 4324 1540 4384 Nam

255 4430 333 4504 quod
349 4429 536 4490 Plutarchus.
563 4448 621 4505 quo
644 4429 775 4488 veritatis
800 4429 896 4488 studio
920 4429 1051 4488 imbutus
1074 4437 1144 4502 erat,
1170 4429 1359 4505 maligniores
1376 4429 1540 4506 scriptores

256 4556 272 4601 a
297 4554 329 4595 sc
353 4535 484 4609 removit,
517 4557 552 4602 ea
576 4558 606 4603 re
630 4557 688 4602 non
712 4537 932 4603 demonstratur
956 4556 1022 4601 crin]
1048 4535 1194 4603 Idomenei
1218 4537 1365 4602 verbane
1389 4538 1543 4604 mentione
