3164 5182
686 339 899 407 -40..

147 513 226 585 ‘cum
241 524 418 585 Plutarchus
442 514 504 581 ἐπεὶ
527 516 567 582 Φ.
588 513 644 582 υπὸ
667 530 719 606 της
739 521 803 602 περὶ
820 521 871 604 τὴν
885 515 1058 605 Ἄμφισσαν
1079 510 1216 602 εάτυχίας
1241 512 1432 603 ἐπαιρόμενος
1472 540 1474 571 ι

148 623 197 699 εἰς’
211 647 240 689 κ.
263 648 286 689 τ.
309 627 336 689 λ.
360 631 409 704 ait,
435 632 464 691 in
486 633 545 692 his:
572 623 672 712 ἠπερί
687 630 738 712 την
751 622 924 712 νΑμφισσαν
940 620 1061 710 εὐτυχία
1077 639 1127 690 aut
1144 631 1310 691 excitatum
1329 633 1432 691 solum·

148 742 238 800 modo
262 741 299 800 ab
322 739 589 817 Amphictyouihus
619 741 729 799 bellurn
760 740 901 799 adversus
925 738 1157 815 Amphissenses
1189 739 1358 813 significat,
1389 747 1433 797 aut

67 845 69 849 ⁴
150 848 175 907 si
198 848 291 908 victos
315 869 333 908 a
356 848 494 925 Philippo
518 847 765 924 AmphissenseS‚
797 867 913 907 errasse
936 846 1127 906 Plutarchum
1153 847 1351 906 statuendum
1377 837 1431 917 est’,

148 955 177 1015 id
208 957 286 1032 quod
309 955 479 1014 Philochori
508 956 613 1030 fragm.
641 959 702 1018 135
735 956 969 1016 confirmaretur.
1016 953 1157 1028 Roesiger
1186 974 1214 1030 p.
1246 956 1290 1013 43
1325 973 1372 1029 sq.
1398 953 1433 1011 illi

149 1062 280 1140 opinioni
300 1082 331 1121 se
351 1062 510 1139 applicavit
527 1069 615 1138 atque
631 1062 727 1120 verbis
747 1053 766 1141 η
784 1057 849 1140 περὶ
862 1059 912 1141 τὴν
929 1053 1101 1142 ’Ἄμφισσαν
1119 1051 1240 1140 εὐτυχία
1260 1061 1434 1135 generaliter

150 1169 335 1230 occasionem
361 1169 498 1253 Philippo
522 1171 559 1229 ad
584 1169 738 1229 Graeciam
768 1170 963 1229 invadendam
994 1171 1125 1228 oblatam
1149 1168 1314 1244 significari
1341 1169 1434 1228 existi·

150 1276 248 1337 mavit.
295 1276 334 1336 Ar
362 1277 448 1336 uobis
477 1277 533 1335 hoc
558 1278 623 1336 loco
647 1277 723 1336 Plut.
750 1277 833 1335 testis
857 1297 955 1336 rerum
980 1285 1025 1336 est
1047 1277 1156 1336 nullus,
1204 1276 1285 1335 Nam
1311 1277 1433 1335 ethaeo

149 1386 237 1443 rerba
260 1391 289 1443 et
313 1384 466 1460 sequentia
490 1385 597 1460 (usque
618 1404 661 1456 cc,
687 1384 736 1443 ubi
753 1385 900 1459 Marsyam
919 1384 1012 1455 alfort)
1031 1383 1148 1459 abipso
1167 1384 1336 1442 secundum
1355 1385 1432 1442 Dem.

149 1492 185 1549 de
209 1511 269 1554 cor.
287 1491 447 1567 compilata
472 1499 556 1563 sunt;
582 1491 658 1552 Plut.
677 1491 772 1567 igitur,
799 1511 857 1567 qua
881 1499 925 1550 est
948 1491 1131 1565 neglegentia
1154 1490 1184 1549 in
1208 1510 1311 1549 rerum
1338 1499 1434 1549 tenore

150 1597 364 1666 constituendo
382 1598 621 1669 Demosthenem,
640 1597 689 1674 qui
706 1618 742 1656 ue
759 1598 823 1674 ipse
840 1598 958 1674 quidem
975 1598 1140 1674 perspicuis
1153 1598 1249 1656 verbis
1264 1606 1432 1674 temporum

150 1704 284 1763 ordinem
307 1712 412 1777 servat,
438 1706 516 1764 male
540 1705 748 1780 interpretatus
773 1724 839 1763 esse
863 1704 1078 1764 existimandus
1103 1712 1156 1763 est.
1193 1704 1236 1763 Re
1261 1725 1335 1764 vera
1361 1714 1434 1782 post·

150 1831 240 1888 quam
256 1811 340 1873 Dem.
360 1813 409 1884 18,
431 1813 491 1872 163
510 1812 599 1871 dixit:
618 1803 684 1868 tor
700 1803 795 1869 έκεῖσε
811 1803 949 1890 ἐπάνειμι,
968 1804 1010 1868 ὅτι
1025 1810 1072 1868 τὀν
1088 1803 1117 1868 ἐν
1133 1802 1288 1892 Ἀμφίσση
1305 1786 1435 1892 πόλεμον

148 1913 250 1974 τουτου
273 1914 325 1996 μέν
348 1917 534 1998 ποιησαντος,
563 1917 828 1997 συμπεραναμένων
852 1912 884 1974 δὲ
907 1924 962 1975 τῶν
986 1911 1085 1975 ἀλλων
1108 1922 1162 1973 τῶν
1186 1924 1335 1995 συνεργῶν
1360 1910 1434 1997 αὑτῷ

148 2021 199 2104 την
222 2020 295 2101 πρὸς
319 2015 468 2104 Θηβαίους
490 2017 615 2104 ἔχθραν,
640 2021 745 2106 συνέβη
769 2023 816 2082 τὸν
835 2018 875 2082 Φ.
899 2017 997 2082 ἐλθεῖν
1020 2023 1094 2103 πρὸς
1117 2016 1207 2105 ἡμᾶς,
1231 2016 1325 2104 οὗπερ
1351 2019 1435 2084 ἕνεκα

119 2154 120 2158 “
148 2128 200 2196 τάς
223 2125 321 2196 πόλεις
345 2121 421 2188 οὖτοι
445 2130 670 2209 συνέκρουον..
695 2135 710 2203 ἓ
738 2134 798 2192 168
829 2165 862 2172 -
891 2154 961 2191 nam
985 2135 1000 2205 β
1027 2134 1199 2193 164-167
1226 2135 1434 2210 compluribus

149 2237 258 2314 spuriis
276 2237 438 2314 plebiscitis
455 2240 611 2315 explentur
632 2271 666 2278 -
692 2239 734 2298 sic
748 2239 855 2316 pergit:
874 2230 948 2295 οὕτω
964 2233 1079 2304 διαθείς
1095 2229 1110 2295 ὁ
1124 2230 1163 2293 Φ.
1175 2236 1228 2303 τάς
1243 2233 1350 2306 πόλεις
1368 2239 1436 2318 πρὸς

148 2336 286 2424 ἀλλήλας
308 2338 355 2402 διὰ
371 2342 478 2402 τυίτων
494 2360 521 2402 κ.
538 2343 647 2411 τοὺτυις
663 2336 733 2402 ἐπα
743 2343 852 2424 ρίλείς
868 2350 926 2412 τοῖς
943 2344 1106 2427 ψηφίσμασι
1121 2361 1149 2402 κ.
1165 2347 1228 2410 ταῖς
1244 2337 1437 2425 ἀποκρίσεσιν

148 2443 220 2532 ηκεν
243 2444 321 2531 ’έχων
344 2449 395 2532 την
419 2447 537 2531 δυναμιν
553 2468 580 2509 κ.
597 2451 648 2532 τὴν
663 2445 815 2510 Ἐλάτειαν
830 2448 1001 2529 κατέλαβεν,
1024 2444 1064 2516 ὡς
1087 2442 1147 2509 οὐδ’
1171 2443 1205 2508 ἀν
1229 2444 1257 2508 εί
1278 2470 1304 2511 τι
1327 2454 1437 2528 γένοιτο

147 2551 187 2614 ἔτι
209 2557 448 2637 συμπνευσάντων
471 2551 506 2615 ἀν
530 2551 613 2640 ἡμῶν
637 2574 664 2615 κ.
689 2565 744 2617 τῶν
768 2552 914 2640 Θηβαίων.
923 2557 944 2631 ¹)

256 2683 337 2756 Quae
360 2686 465 2745 deinde
488 2707 535 2763 ap.
553 2686 629 2745 Plut.
655 2706 679 2745 c.
700 2688 738 2745 18
757 2694 928 2762 sczpruntur,
954 2706 989 2744 ex
1014 2685 1064 2743 illo
1089 2684 1334 2760 praeclarissimo
1362 2689 1436 2759 loco,

148 2792 231 2851 Dem.
252 2793 300 2864 18,
329 2794 390 2852 168
413 2813 488 2870 sqq„
513 2794 621 2853 hausta
645 2801 729 2865 sunt3
761 2814 831 2852 uam
856 2793 946 2852 series
970 2813 1067 2851 rerum
1093 2793 1195 2852 eadem
1220 2800 1265 2851 est
1291 2802 1321 2853 ct
1348 2815 1438 2872 saepe

148 2900 251 2958 eadem
275 2906 325 2959 aul
351 2899 502 2959 simillima
525 2902 613 2960 verba
637 2909 795 2978 apparent:

367 3026 443 3088 Plut.
469 3045 495 3088 c,
523 3028 576 3087 18:
930 3027 1013 3088 Deru.
1043 3027 1091 3098 18,
1120 3028 1319 3086 168—179:

196 3151 224 3210 1.
248 3139 509 3230 ίκπεπληγμέτνων
524 3155 579 3208 τῶν
591 3142 762 3233 Ἀθηναίων
861 3153 889 3210 1.
918 3144 999 3208 ἀλλά
1026 3149 1083 3230 μην
1111 3149 1158 3207 τὸν
1187 3150 1249 3207 τότε
1281 3149 1439 3230 συμβάντα

723 3239 726 3245 ’
814 3248 843 3313 ἐν
858 3262 894 3336 τη
911 3252 993 3314 πόλει
1008 3255 1138 3335 θόρυβον
1158 3250 1219 3314 ίότε
1232 3255 1285 3334 μὲν
1308 3251 1453 3326 ἅπαντες

817 3366 906 3437 μου
934 3397 970 3405 -
1004 3380 1032 3421 ν·
1055 3362 1186 3444 νυνι)
1210 3359 1331 3447 ctam
1358 3360 1396 3446 ἡν
1420 3359 1437 3446 l

812 3466 897 3537 πόλις
921 3471 1022 3544 (169).

193 3598 222 3654 2.
235 3581 760 3675 καίμηδενὸςτολμωντυςάναβαίνειν
859 3599 887 3654 2.
912 3595 1018 3674 παρῄει
1042 3587 1135 3661 οὐδεὶς
1161 3629 1199 3636 -
1230 3588 1363 3654 ἀνίστατ’
1388 3592 1438 3657 ου-

150 3692 196 3758 ἐπὶ
219 3698 251 3758 τὸ
275 3698 357 3784 βημα
381 3697 471 3782 μηδὲν
494 3696 614 3782 ἔχοντος
634 3695 675 3760 ὅτι
698 3702 758 3784 χρη
812 3697 870 3768 δείς
887 3703 975 3775 (170)
995 3735 1033 3743 -
1057 3695 1072 3760 ὁ
1096 3703 1152 3782 γὰρ
1176 3703 1218 3784 μὴ
1242 3696 1323 3761 ταῦτ’
1349 3697 1438 3773 εἰδὼς

146 3803 248 3882 λέγειν,
274 3800 340 3865 ἀλλ’
363 3803 488 3888 ἀπορίας
512 3801 603 3889 οίίσης
626 3802 654 3869 ἐν
677 3809 759 3889 μέσην
816 3799 944 3866 -ουδὲν
953 3805 1066 3888 μᾶλλον
1078 3805 1199 3890 ἔμελλεν
1212 3803 1253 3868 ὅτι
1265 3810 1329 3891 χρὴ
1347 3819 1439 3871 ποιεῖν

146 3930 174 3972 κ.
198 3921 318 3997 σιωπης,
812 3910 946 3974 εἴσεσθαι
969 3908 1029 3975 ουδ’
1052 3910 1116 3998 υμῖν
1139 3911 1208 3984 ἕξειν
1224 3915 1438 3996 συμβουλευειν

811 4023 912 4096 (172).

255 4229 275 4298 ¹)
301 4234 395 4285 eadem
419 4231 524 4284 incuria
549 4232 617 4284 Plut.
646 4233 699 4284 hcc
724 4233 783 4284 loco
808 4233 891 4283 verha
908 4228 1040 4285 ’illoram
1059 4240 1085 4286 et
1104 4231 1210 4284 Φωκίδα
1229 4239 1439 4302 transposuisse

146 4320 266 4386 videtur·;
286 4339 350 4374 nam
365 4323 439 4374 Deru.
455 4320 496 4384 18,
519 4320 576 4384 153,
599 4320 657 4389 168,
680 4320 737 4384 169,
760 4320 810 4372 115
831 4327 901 4373 recte
921 4322 952 4373 de
972 4323 1080 4375 Elatcne
1100 4323 1276 4390 occupatione
1299 4327 1438 4381 vocabulo

143 4407 269 4476 κατέλαβε
288 4410 369 4479 (quod
391 4417 431 4463 est
448 4411 565 4479 κατέσχε)
584 4409 681 4471 utitur;
702 4410 792 4477 itaque
812 4412 927 4462 fortasse
946 4411 1118 4465 scribendum
1138 4418 1189 4465 est:
1210 4409 1245 4473 είς
1264 4411 1313 4482 τὴν
1325 4411 1439 4470 Φωκίδι

148 4497 264 4574 εξαίφνης
284 4501 378 4559 ἐνέπεσε
398 4519 421 4558 κ,
440 4496 778 4575 την’1]λὰτειανκατέπρεν,
