3164 5182
680 329 901 398 ..52-

253 514 297 576 De
320 514 389 590 fuga
410 513 501 592 (cap.
522 511 576 587 26)
592 513 670 576 Plut.
687 514 752 576 sine
775 514 864 576 dubio
888 514 1011 592 stirpem
1034 513 1191 576 consuluit.
1225 513 1371 576 Ceterum
1385 511 1427 575 hic

148 643 265 702 quoque
280 622 391 700 aliquid
407 621 699 682 animadvertendum
716 630 770 684 est.
804 621 881 683 Nam
897 623 975 700 quod
991 622 1068 687 Plut.
1085 622 1173 683 tradit
1188 613 1428 684 ‘Demosthenem

147 731 306 808 fugientem
329 731 476 808 quosdam
492 730 569 790 cives
585 729 735 791 insecutos
751 750 818 791 esse
833 738 870 805 et,
888 750 957 791 cum
973 731 1154 791 abscondere
1170 750 1202 790 se
1217 731 1314 803 vellet,
1340 730 1428 791 nonu·

147 838 240 900 natim
263 857 331 899 eum
353 843 491 898 vocantes
508 836 649 910 oravisse,
673 845 705 897 ut
720 837 826 898 viatica
842 858 859 898 a
876 857 908 897 se
923 837 1069 915 acciperet
1085 846 1113 899 et
1128 839 1206 897 bono
1223 837 1325 897 animo
1343 845 1427 910 esset,
1475 876 1477 889 ·

147 966 207 1024 quo
230 945 330 1006 audito
353 945 438 1005 illum
467 943 668 1003 vehementius
701 943 928 1005 illacrimantem
958 945 1159 1005 exclamasse:
1192 944 1254 1020 Ego
1278 964 1350 1004 vero
1374 964 1429 1004 non
1475 930 1477 935 ⁵

148 1053 273 1130 graviter
296 1053 421 1125 doleam,
447 1051 525 1128 quod
541 1069 576 1110 ea
592 1051 664 1110 urbe
680 1070 770 1126 cogor
786 1053 935 1126 excedere,
960 1052 990 1111 in
1006 1071 1065 1129 qna
1080 1053 1154 1112 tales
1170 1051 1265 1112 habeo
1282 1051 1428 1125 inimicos,

150 1162 253 1239 quales
264 1160 377 1222 amicos
391 1158 460 1219 alibi
472 1158 551 1219 haud
564 1157 649 1218 facile
662 1157 798 1219 invenero
805 1149 822 1220 1’
839 1158 973 1219 similiter
983 1179 1001 1220 a
1012 1160 1125 1238 Psplut.
1141 1161 1222 1219 845e
1233 1160 1271 1218 de
1283 1157 1430 1219 Aeschine

149 1288 185 1328 ex
209 1269 281 1329 urbe
304 1267 489 1345 profugiente
512 1273 658 1326 narratur.

257 1401 376 1478 Caput
400 1403 440 1462 27
467 1407 582 1478 praeter
604 1401 761 1478 Phylarchi
786 1409 814 1461 et
836 1401 976 1461 Demetrii
997 1401 1095 1476 Magn.
1121 1399 1240 1460 notitias
1264 1419 1303 1460 ex
1327 1401 1431 1460 eadem

151 1508 243 1586 stirpe
265 1507 444 1568 translatum
467 1527 535 1569 esse
558 1506 704 1568 existimo.

257 1641 341 1714 Quod
357 1641 433 1701 Plut.
452 1660 487 1701 ex
505 1639 730 1716 Phylarcho,
755 1659 843 1717 quem
866 1640 975 1699 diserte
998 1639 1140 1712 nominat,
1166 1640 1262 1711 refert,
1288 1640 1326 1698 ad
1344 1639 1432 1698 huius

38 1739 40 1743 ⁷
150 1747 297 1810 scribendi
322 1767 415 1824 genus
439 1748 573 1824 quadrat,
598 1766 669 1807 nam
691 1745 770 1804 κατὰ
792 1738 982 1824 παρέκβασιν,
1013 1753 1045 1806 ut
1068 1747 1301 1824 Theopompus,
1331 1746 1431 1817 Duris,

151 1855 284 1934 plerique
307 1856 426 1915 illorum
449 1862 616 1932 temporum
639 1873 738 1913 rernm
762 1853 922 1931 scriptores
946 1854 1055 1912 multas
1079 1853 1193 1930 lepidas
1215 1854 1333 1914 fabulas
1360 1855 1433 1913 libro

149 1950 285 2040 ‘lmopta
307 1961 460 2039 inscripto,
485 1960 593 2038 quibus
616 1979 665 2019 res
688 1961 726 2020 ab
750 1981 775 2021 a.
795 1963 858 2021 272
875 1979 971 2037 usque
993 1961 1030 2020 ad
1054 1981 1080 2023 a.
1107 1963 1169 2021 220
1187 1980 1213 2024 a.
1232 1960 1302 2020 Chr.
1320 1981 1352 2020 n.
1371 1962 1434 2019 fuse

152 2076 180 2128 et
207 2067 310 2128 vividis
334 2068 482 2129 coloribus
507 2066 692 2145 conscriptae
715 2073 812 2140 erant,
840 2067 1050 2128 immiscuerat.
1098 2067 1241 2128 Fabulam
1264 2068 1345 2128 Plnt.
1372 2069 1435 2144 ipse

150 2175 214 2237 sine
243 2175 333 2236 dubio
361 2195 397 2236 ex
421 2174 587 2252 Phylarcho
616 2183 766 2251 sumptam
799 2175 867 2233 hnic
897 2175 963 2233 loco
991 2174 1146 2234 occasione
1174 2175 1273 2234 oblata
1297 2175 1434 2234 inseruit.

150 2282 226 2343 Nam
249 2289 366 2349 constat
389 2301 457 2342 eum
480 2282 559 2341 bunc
579 2283 616 2341 ad
632 2279 744 2357 Pyrrhi,
770 2281 882 2358 Agidis,
901 2281 1078 2354 Cleomenis,
1103 2281 1186 2342 Arati
1208 2280 1284 2341 ritas
1310 2301 1434 2359 cognos-

152 2391 261 2452 cendas
284 2388 509 2465 diligentissime
532 2388 713 2449 adhibuisse.

256 2524 328 2583 ltem
344 2522 529 2582 Demetrii
544 2522 727 2598 Magnetis
744 2522 996 2582 narratiunculam
1012 2522 1107 2582 verbis
1129 2514 1176 2580 ὅτε
1200 2512 1251 2578 καί
1273 2537 1365 2603 φησιν
1390 2525 1437 2583 ad·

150 2633 265 2703 iectam,
284 2631 362 2708 quod
379 2629 496 2689 occasio
512 2631 581 2689 data
597 2636 668 2701 erat,
690 2612 817 2688 fortasse
832 2649 868 2688 ex
885 2630 947 2688 eius
964 2629 1038 2689 libro
1054 2626 1119 2708 aspi
1134 2619 1272 2709 ὁμονοίας
1289 2629 1437 2707 inscripto

149 2740 179 2799 in
202 2738 293 2798 vitam
315 2738 461 2798 intrusam
485 2757 552 2796 esse
575 2735 634 2796 iam
659 2756 751 2814 supra
775 2757 803 2813 p.
828 2739 846 2795 9
871 2736 941 2796 dixi.

257 2871 337 2948 Cap.
356 2873 483 2932 28-31
501 2870 531 2930 in
555 2871 646 2947 stirpe
667 2870 719 2929 niti
736 2890 826 2947 supra
841 2870 966 2930 disserui
985 2871 1025 2947 (p.
1046 2872 1085 2930 16
1104 2869 1193 2947 sqq).
1230 2871 1329 2946 Atque
1347 2892 1374 2932 c.
1396 2877 1435 2936 28

149 2979 229 3057 prior
253 2999 322 3059 pars
346 2980 405 3038 fere
428 2985 490 3038 tota
514 2999 548 3038 ex
566 2977 742 3036 Philochoro
767 2976 815 3050 (ef.
834 2998 862 3055 p.
881 2976 945 3050 34),
970 2977 1083 3055 reliqua
1106 2997 1158 3054 per
1174 2977 1376 3056 Hermippum
1402 3002 1437 3040 ex

149 3086 297 3147 Demetrio
313 3086 408 3159 Phal,
434 3085 558 3144 forsitan
582 3084 670 3144 etiam
694 3104 730 3144 ex
748 3084 823 3157 aliis,
848 3104 872 3147 c.
893 3087 933 3145 29
951 3105 986 3144 ex
1002 3080 1180 3156 Aristonel),
1206 3104 1231 3144 c.
1251 3088 1292 3145 30
1311 3107 1347 3145 ex
1364 3087 1439 3146 Her·

149 3194 242 3270 mippi
267 3192 454 3264 auctoritate,
485 3191 534 3269 qui
558 3192 622 3269 ipse
647 3192 765 3268 quidem
789 3192 818 3251 in
842 3191 998 3268 (Papp0?),
1031 3192 1208 3251 Philochoro
1232 3193 1281 3264 (cf.
1310 3214 1338 3270 p.
1371 3195 1436 3264 34).

149 3302 343 3373 Demochare,
369 3299 435 3359 aliis
460 3299 570 3371 nititur,
596 3307 684 3375 atque
708 3319 743 3358 ex
760 3299 955 3359 Eratosthene
979 3320 1031 3377 per
1048 3299 1148 3376 stirpis
1167 3307 1317 3358 auctorem
1335 3321 1353 3359 a
1372 3301 1439 3360 Plu·

149 3409 252 3469 tarcbo
276 3408 421 3467 translata
445 3401 553 3478 sum2).
590 3405 744 3482 Capitis
762 3408 800 3466 31
820 3406 900 3483 prior
924 3426 993 3482 pars
1010 3428 1028 3465 a
1044 3407 1201 3466 Plutarcho
1225 3427 1260 3466 ex
1279 3408 1437 3471 memoria.

150 3517 242 3576 altera
265 3535 335 3592 pars
360 3535 395 3575 ex
421 3513 512 3592 stirpe
535 3514 659 3590 repetita
683 3520 743 3586 est;
768 3513 873 3573 ultima
895 3515 984 3574 verba
1007 3514 1184 3573 Plutarchus
1209 3516 1392 3590 composuit.

257 3649 339 3709 Haec
355 3648 474 3726 quidem
490 3647 643 3710 hactenus.
679 3646 820 3723 Superest
836 3654 868 3706 ut
886 3648 1014 3724 primum
1031 3649 1218 3724 complectar,
1242 3667 1319 3724 quos
1337 3649 1438 3710 fontes

149 3759 225 3817 Plut.
251 3756 423 3826 adhibuisse
447 3755 589 3828 videatur,
616 3762 765 3831 postremo
789 3756 825 3814 de
847 3754 935 3814 huius
959 3755 1036 3813 vitae
1059 3756 1115 3813 fide
1139 3755 1324 3814 concludam.

151 3911 209 3920 ⁵...-

256 3997 278 4068 1)
298 4000 467 4068 Droysen,
488 3997 583 4052 Gesch.
603 4000 649 4052 des
662 3999 843 4052 Hellenismus
856 3999 879 4051 ll
895 3998 929 4050 82
945 3996 1104 4065 (novissima
1123 3996 1207 4050 editio
1229 3997 1315 4060 lavat,
1338 4001 1439 4054 tribuit

150 4089 223 4143 hanc
235 4087 394 4142 relationem
403 4088 504 4152 Duridi,
518 4089 664 4156 ltoesigeri,
673 4094 702 4142 ut
712 4088 824 4152 videtur,
834 4087 961 4156 deceptus
972 4086 1097 4151 audacia;
1113 4087 1181 4140 adeo
1191 4086 1245 4140 iam
1256 4088 1439 4155 grassabatur

151 4178 262 4246 malum.
299 4177 335 4231 At
354 4179 416 4246 quis
436 4181 511 4245 patet
529 4177 625 4230 Duridi
644 4178 718 4230 locus
738 4178 800 4230 inde
820 4195 836 4229 a
855 4193 914 4244 cap.
936 4176 967 4229 17
988 4177 1127 4244 usquead
1147 4175 1229 4228 libelli
1248 4175 1352 4230 finem?

256 4306 279 4378 ²)
290 4311 468 4364 Plutarchum
477 4312 604 4364 extremis
615 4309 696 4364 huius
707 4327 765 4380 cap.
778 4310 867 4364 verbis
878 4309 1006 4364 Demetrii
1016 4309 1147 4377 Magnetis
1158 4311 1262 4363 futilem
1272 4311 1438 4378 opinionem

150 4398 286 4469 corripere
305 4403 362 4453 veri
380 4399 511 4454 dissimile
529 4416 585 4453 non
605 4405 657 4464 est;
677 4400 703 4454 id
723 4400 810 4453 solum
829 4401 976 4454 tenendum
990 4405 1037 4461 est,
1057 4399 1120 4453 inde
1133 4400 1258 4469 colligere
1271 4416 1329 4456 non
1343 4401 1437 4458 licere.

149 4487 325 4545 Plutarchum
344 4490 417 4544 hunc
436 4488 523 4544 fusius
542 4489 689 4557 contulisse
707 4493 817 4553 tccrrtra
835 4488 943 4559 Roesig.
964 4506 990 4562 p.
1010 4488 1061 4560 37).
