3164 5182
687 373 898 440 ..23-

149 554 268 631 quidem
293 554 381 632 digna
406 556 564 634 putavisse.
602 557 791 634 Quamquam
815 557 892 620 enim
916 557 981 634 ipse
1005 557 1092 630 (Cim.
1112 557 1143 630 2)
1168 557 1321 636 profitetur
1344 577 1376 617 se
1400 553 1429 616 in

148 664 259 722 malam
287 672 399 739 partem
421 684 481 723 non
505 665 628 724 libenter
652 665 794 726 inclinare
817 666 920 736 solere,
947 672 975 723 et
998 664 1181 754 IdomeneuS,
1207 685 1293 742 quern
1312 663 1430 742 Epicuri

151 778 331 829 sectatorem
348 771 422 830 libro
444 769 508 850 περὶ
531 767 714 852 δημαγωγῶν
741 771 883 849 inscripto
907 771 995 830 bilem
1021 771 1050 830 in
1073 771 1309 832 illustrissimum
1332 789 1431 849 quem·

149 898 207 954 que
230 878 382 937 hominem
405 880 543 940 effudisse
566 888 691 953 constat,
718 889 838 958 propter
862 882 972 941 malarn
995 882 1081 940 fidem
1098 880 1256 941 Plutarcho
1273 887 1430 956 suspectus

148 985 212 1058 fuit,
238 992 336 1045 tamen
353 1007 389 1046 ex
406 988 448 1046 eis
465 988 548 1061 locis,
574 989 680 1065 quibus
698 987 760 1047 eius
778 988 920 1061 meminit,
946 989 1041 1047 elucet
1061 1007 1128 1046 eum
1145 987 1208 1046 eius
1225 986 1428 1046 auctoritatem

149 1112 209 1150 non
233 1092 274 1151 ita
297 1094 456 1169 respuisse,
481 1103 514 1154 ut
536 1096 603 1172 quic
615 1095 674 1172 ,uid
692 1095 860 1155 tradidisset
877 1095 992 1154 silentio
1009 1094 1189 1172 praeteriret.
1225 1093 1368 1171 Exemplo
1385 1101 1430 1153 est

148 1199 399 1277 Pericl.10,quo
423 1202 489 1260 loco
514 1222 582 1261 eum
606 1211 763 1279 propterea
780 1223 838 1261 non
856 1203 974 1280 sprevit,
1001 1204 1078 1280 quod
1103 1202 1129 1260 ei
1153 1197 1267 1278 aperire
1283 1221 1342 1260 non
1363 1220 1430 1260 eon·

149 1306 263 1381 tigerat,
289 1307 395 1383 quibus
420 1308 469 1366 ille
485 1309 572 1369 nixus
590 1311 720 1369 fontibus
736 1311 814 1370 hanc
830 1311 935 1369 Pericli
956 1309 1116 1386 asperserit
1132 1309 1308 1373 labeculam.
1340 1309 1431 1369 Maxi·

149 1433 292 1490 munique
322 1416 531 1485 documentum
562 1417 706 1476 habemus
738 1437 804 1476 eurn
829 1416 988 1477 Midianam
1012 1417 1129 1491 legisse,
1161 1415 1288 1475 fortasse
1311 1422 1430 1494 propter

149 1522 228 1580 hanc
244 1521 341 1597 ipsam
358 1543 419 1581 rem
434 1524 576 1583 evolvisse
589 1532 617 1583 et
630 1524 796 1584 accuratius
810 1524 988 1601 inspexisse.
1023 1524 1123 1600 ltaque
1134 1543 1202 1583 curn
1214 1523 1430 1583 Demosthenes

150 1628 220 1687 talia
236 1636 268 1687 ut
284 1631 492 1690 commenticia
507 1632 696 1696 inimicorum
713 1633 858 1705 refellerit,
875 1633 1052 1692 Plutarchus
1069 1653 1104 1691 ea
1120 1631 1225 1691 iterare
1238 1632 1431 1708 supersedere

151 1753 184 1793 se
215 1755 303 1812 posse
334 1739 454 1814 putavit.
502 1739 631 1799 Omnino
655 1741 730 1799 Plut.
754 1740 826 1816 ‘ipse
853 1739 900 1799 vix
931 1741 1022 1799 semel
1050 1739 1241 1798 Idomeneum
1271 1736 1429 1808 consuluit,

151 1843 325 1919 praesertim
339 1864 416 1916 oum,
435 1847 602 1923 ubicunque
618 1847 681 1906 eius
694 1846 863 1906 testimonio
877 1846 986 1920 nititur,
1009 1853 1151 1924 appareat
1167 1846 1192 1905 ei
1209 1846 1246 1904 ab
1263 1843 1329 1904 aliis
1352 1842 1431 1921 quic·

151 1950 221 2027 quid
244 1951 293 2010 ille
315 1951 459 2012 habuerat
482 1955 740 2014 subministratum
764 1974 839 2014 esse.
1259 2008 1262 2017 ,

259 2058 323 2117 Hoc
347 2061 377 2118 in
401 2060 484 2122 Dein.
509 2063 568 2121 vita
591 2063 632 2121 eis
656 2063 747 2135 locis,
778 2064 827 2121 ubi
851 2061 1025 2121 nominatim
1049 2062 1169 2121 affertur
1194 2060 1231 2133 (c.
1260 2062 1298 2119 15
1324 2066 1352 2118 et
1377 2058 1430 2131 23)

151 2165 248 2239 magis
272 2168 462 2244 perspicuum
495 2171 540 2242 frt;
570 2191 638 2229 nam
668 2170 823 2247 utrobique
851 2190 941 2246 opera
964 2168 1149 2244 diligentium
1172 2175 1200 2226 et
1224 2173 1430 2226 accuratorum

151 2272 330 2350 scriptorum
354 2277 395 2336 uti
415 2279 536 2338 videtur.
573 2279 651 2338 Infra
667 2279 704 2337 ad
721 2297 745 2338 c.
766 2279 805 2338 14
823 2279 961 2336 lacunam
982 2277 1131 2355 quandam
1147 2294 1291 2353 apparere
1306 2275 1428 2347 docebo,

151 2398 221 2437 curn
244 2381 280 2438 de
304 2382 360 2441 vita
385 2384 498 2461 privata
520 2386 653 2445 dicturus
678 2385 750 2444 nihil
770 2384 827 2443 nisi
843 2385 900 2443 hoc
917 2383 1098 2460 pronuntiet:
1124 2373 1186 2440 ἐπεὶ
1208 2378 1274 2448 τούς
1297 2398 1329 2456 γε
1352 2375 1429 2438 καθ’

151 2475 238 2543 αὑτὸν
260 2478 387 2568 ῥήτορας
409 2489 455 2548 ταὶ
478 2497 518 2569 τῷ
542 2488 594 2569 βίῳ
616 2487 765 2573 παρῆλθε,
793 2511 879 2568 quem
904 2493 1004 2550 locum
1026 2491 1221 2566 Roesigerum
1243 2490 1321 2550 male
1344 2489 1430 2548 inter·

151 2598 299 2669 pretatum
323 2616 389 2656 esse
413 2597 471 2657 iarn
495 2599 674 2676 explicatum
699 2606 752 2657 est.

188 2685 190 2690 ¹
259 2702 319 2761 Iani
337 2724 413 2777 vere,
435 2714 466 2764 ut
482 2707 517 2765 de
534 2705 638 2782 Satyro
655 2707 839 2778 concludam,
858 2705 998 2782 quoniam
1015 2705 1109 2764 fusius
1123 2704 1247 2781 exposui
1258 2704 1430 2764 admirabile

150 2826 227 2880 esse,
260 2819 369 2886 quanta
392 2813 542 2888 diligentia
570 2814 612 2873 illi
635 2812 712 2872 docti
737 2813 812 2873 alius
837 2813 926 2872 alium
952 2812 1209 2890 transscripserint
1233 2819 1261 2871 et
1284 2810 1428 2885 auxerint,

151 2916 280 2989 tandem,
305 2918 334 2976 id
351 2921 428 2996 quod
445 2921 489 2978 vel
509 2920 632 2979 maximi
648 2920 791 2979 momenti
815 2927 861 2978 est
884 2919 1102 2996 quaerentibus
1129 2939 1200 2978 num
1216 2918 1368 2994 probabile
1393 2918 1431 2977 sit

152 3021 292 3098 Satyrum
314 3027 444 3102 vestigiis
469 3027 671 3104 proximorum
696 3028 851 3086 doctorum
882 3025 1039 3098 institisse,
1069 3025 1362 3085 animadvertendum
1385 3033 1430 3084 est

150 3127 279 3190 Demetr.
288 3133 463 3194 Phalereunr
473 3135 756 3212 etTheophrastunr,
769 3134 966 3211 Hermippum
974 3140 1002 3193 et
1010 3133 1190 3205 Aristonem,
1203 3139 1430 3209 postremum

152 3236 322 3314 Satyrum
347 3242 605 3318 peripateticorum
631 3241 750 3301 scholae
774 3241 907 3299 addictos
924 3240 1026 3302 fuisse.
1066 3240 1104 3298 Hi
1120 3258 1223 3298 onmes
1240 3238 1430 3298 Aristotelem

151 3347 292 3406 aemulati
314 3368 373 3407 non
399 3350 498 3409 solum
523 3349 658 3408 doctrina
683 3355 825 3425 quantum
850 3355 973 3424 possent
997 3346 1119 3423 adsequi
1144 3347 1309 3420 studebant,
1335 3346 1387 3405 sed
1403 3345 1430 3404 id

149 3473 267 3530 quoque
280 3455 468 3531 potissimum
479 3456 657 3528 nitebantur,
675 3463 707 3514 ut
723 3454 797 3514 vitas
811 3456 1031 3531 praeclarorum
1043 3453 1198 3512 hominum
1211 3452 1431 3513 conscriberent

149 3561 191 3620 ita
214 3569 245 3620 ut
269 3563 367 3621 minus
392 3565 429 3622 ad
452 3583 500 3622 res
525 3565 561 3622 ab
578 3582 756 3639 unoquoque
773 3570 871 3637 gestas
896 3582 985 3638 quani
1010 3562 1046 3620 ad
1063 3559 1257 3620 eruditionem
1281 3567 1309 3618 et
1332 3580 1430 3619 mores

151 3676 327 3746 spectarent.
373 3670 494 3729 Accedit
518 3671 595 3747 quod
619 3670 711 3729 libros
740 3677 935 3745 cognatorum
958 3677 986 3728 et
1010 3675 1104 3728 aetate
1129 3667 1315 3744 superiorum
1338 3666 1430 3745 philo·

151 3776 314 3852 sophorum
325 3777 432 3853 pietate
445 3779 573 3854 quadarn
586 3777 730 3850 colebant,
745 3777 960 3848 exscribebant,
975 3776 1130 3850 augebant,
1144 3793 1312 3850 nequevero
1322 3773 1429 3833 mirum

149 3891 204 3955 est,
230 3885 317 3960 quod,
343 3904 433 3961 quam
457 3885 645 3944 sedulitatem
669 3884 754 3962 quasi
778 3883 986 3943 hereditariam
1010 3887 1194 3958 acceperant,
1220 3899 1255 3939 ea
1279 3881 1315 3939 ad
1339 3880 1430 3938 libros

149 3991 276 4051 aliorum
289 3992 444 4050 doctorum
460 3992 651 4052 excutiendos
668 3993 835 4064 utebantur,
854 3991 901 4050 vix
919 3998 950 4049 ut
966 3991 1026 4049 ulla
1043 4009 1112 4066 pars
1129 3988 1280 4046 literarum
1297 3986 1431 4045 omniurn

149 4105 317 4174 temporum
341 4119 392 4157 eos
417 4100 542 4174 fugeret,
566 4100 691 4176 denique
707 4100 751 4158 vel
768 4097 825 4175 ipsi
841 4095 1033 4156 Alexandrini
1050 4095 1177 4172 quodam
1201 4093 1379 4153 commercio
1403 4100 1431 4152 et

148 4224 206 4263 usu
231 4206 369 4265 cumbis
394 4207 544 4266 coniuncti
568 4214 659 4267 erant.

256 4311 299 4371 lta
315 4313 506 4372 manifestum
523 4321 567 4373 est
584 4314 645 4373 heri
662 4312 803 4389 potuisse,
821 4319 854 4370 ut
865 4330 955 4387 opera
966 4307 1228 4384 Peripateticorum
1241 4308 1331 4386 stirps
1345 4327 1430 4385 quae·

150 4421 218 4479 dam
235 4420 394 4479 Plutarcho
411 4420 553 4479 advitam
569 4419 777 4480 Demosthenis
795 4424 913 4494 praesto
938 4423 1026 4485 esset,
1052 4434 1141 4490 quam
1165 4414 1235 4490 quin
1260 4413 1429 4490 neglexerit,

149 4529 232 4594 nulla
255 4528 366 4589 suberit
390 4528 528 4612 cuiquam
553 4527 692 4608 suspicio.
732 4525 858 4606 Expedit
878 4525 914 4587 ad
938 4524 1003 4599 hoc,
1029 4523 1107 4603 quod
1131 4528 1211 4585 certa
1233 4522 1341 4584 indicia
1364 4521 1430 4583 talis
