3164 5182
607 355 800 421 ..5-

69 536 177 597 librum
192 526 275 616 Ὧροι
291 529 408 616 Σαμίων
431 537 608 616 inscriptum
633 540 692 599 illic
716 547 744 600 ct
768 541 867 617 paullo
891 538 978 599 antea
1001 539 1221 616 nonnunquam
1241 539 1348 601 adres

62 645 185 709 Samias
208 646 416 705 describendas
441 667 458 705 a
481 646 640 706 Plutarcho
664 667 823 706 excussum
849 668 924 708 esse.
936 643 960 719 1)

177 752 304 812 'lantum
331 752 417 828 igitur
441 755 537 826 abest,
568 762 599 813 ut
622 755 700 816 Plut.
725 754 899 814 calumniari
925 754 1115 814 consuevisse
1138 754 1285 826 videatur,
1318 762 1349 815 ut

67 868 210 936 appareat
233 880 300 919 eum
325 860 382 920 nisi
401 861 523 921 diversis
543 862 673 921 fontibus
692 862 867 922 examinatis
885 862 1032 921 neminem
1049 881 1180 938 unquam
1197 864 1349 922 auctorem

65 967 242 1042 exagitasse.
1255 973 1257 977 ’
1324 972 1329 979 ’

176 1075 368 1152 Consequens
393 1082 447 1148 est,
471 1083 503 1135 ut
527 1076 600 1152 ipsis
625 1072 853 1156 verbisatopadt]
877 1071 1040 1158 ’ρλοοιροοοι
1064 1077 1102 1150 (c.
1131 1076 1183 1148 30)
1208 1097 1349 1154 quaerere

68 1181 232 1253 iubeantur,
257 1183 364 1258 quibus
382 1183 511 1241 lontibus
528 1183 616 1242 nixus
633 1190 694 1243 tam
711 1186 851 1242 acerbum
873 1187 909 1244 de
924 1185 1073 1244 Demetrio
1089 1185 1233 1260 Magnete,
1260 1205 1349 1261 quem

67 1289 186 1365 quidem
203 1289 274 1348 illud
292 1289 479 1349 contendisse
495 1292 589 1348 elucet
602 1311 637 1349 ex
650 1291 730 1366 Pspl.
747 1311 773 1367 p.
793 1294 889 1362 aava,
907 1292 1006 1351 tulerit
1022 1292 1173 1355 iudicium.
1210 1291 1348 1351 Ceterum

66 1397 207 1472 Roesiger
232 1397 295 1472 ipsc
319 1396 374 1455 sibi
399 1399 471 1456 adeo
496 1418 555 1456 non
580 1406 704 1469 constat,
731 1406 762 1457 ut
784 1418 815 1457 re
831 1418 899 1457 vera
913 1399 1107 1458 Plutarchum
1124 1399 1214 1458 alium
1232 1407 1347 1476 praeter

66 1506 121 1563 hos
145 1507 220 1563 duos
244 1503 403 1581 scriptores
428 1513 495 1564 ante
519 1507 620 1564 oculos
644 1505 785 1564 hahuisse
809 1507 918 1569 credat.
958 1506 1034 1565 Dicit
1058 1506 1135 1564 enim
1153 1505 1238 1582 quasi
1254 1505 1348 1565 obiter

59 1614 78 1684 ,1
82 1635 110 1690 p.
126 1614 194 1685 37);
208 1604 284 1673 ‘cum
302 1622 400 1673 autem
412 1621 538 1672 mortem
551 1615 758 1673 Demosthenis
772 1616 808 1674 ad
820 1615 916 1691 Satyri
928 1614 1129 1673 narrationem
1142 1613 1346 1673 accommoda·

68 1721 154 1794 verit,
188 1723 224 1780 ad
249 1710 337 1797 quem
360 1722 449 1780 etiam
474 1722 544 1781 alibi
568 1741 599 1780 sc
624 1721 732 1792 iunxit,
763 1722 895 1798 sequitur
919 1742 987 1781 eum
1011 1728 1155 1798 praeter
1179 1720 1347 1796 Satyrum

66 1829 249 1888 Demetrium
272 1829 302 1887 in
328 1829 464 1888 manibus
489 1829 630 1888 habuisse
653 1829 737 1904 eique
762 1830 908 1905 permulta
932 1819 1054 1888 debere’.
1096 1827 1172 1900 Quid
1192 1828 1217 1887 si
1233 1830 1347 1888 mutata

67 1936 212 1995 sententia
235 1936 370 1995 dicamus
394 1956 462 1995 eum
487 1944 602 2012 praeter
618 1937 809 2009 Demetrium,
835 1956 923 2013 quem
948 1937 1066 2013 quidem
1091 1935 1223 1995 convicio
1247 1934 1346 1996 addito

66 2042 165 2115 abicit,
184 2043 287 2119 Satyro
312 2044 458 2120 permulta
482 2045 608 2103 debere?
643 2044 719 2103 Nam
736 2044 840 2120 Satyro
857 2045 973 2119 quidem
992 2063 1140 2119 nusquam
1165 2043 1345 2116 adversatur,

67 2170 248 2228 quamquam
262 2152 325 2210 eius
339 2151 421 2210 libris
433 2152 562 2228 saepius,
576 2153 655 2210 velut
667 2153 703 2210 ad
711 2151 872 2210 Alcibiadis
883 2152 971 2210 vitam
980 2151 1095 2221 (Fricke
1104 2151 1170 2212 lm.
1180 2171 1207 2226 p.
1218 2148 1345 2227 49sqq.)

67 2265 95 2316 et
119 2258 176 2316 nisi
200 2259 286 2317 fallor
309 2260 346 2317 ad
370 2259 444 2317 alias
470 2278 587 2335 quoque
611 2258 685 2319 vitas
709 2278 782 2317 usus
808 2266 861 2318 est.

174 2365 249 2437 Quin
267 2365 327 2424 imo
341 2373 457 2425 constat
468 2366 661 2425 Plutarchum
675 2366 816 2441 singulari
831 2367 990 2440 sagacitate
1005 2366 1182 2425 fidissimum
1199 2382 1345 2441 quemque

66 2473 185 2549 verique
198 2473 451 2532 studiosissimum
465 2474 637 2550 scriptorem
653 2480 872 2550 perscrutatum
885 2493 960 2544 esse,
978 2474 1035 2532 fide
1045 2473 1181 2547 indignos
1194 2479 1222 2532 et
1235 2473 1345 2531 calum·

66 2581 196 2640 uiatores
219 2600 287 2639 raro
312 2589 445 2640 secutum
470 2600 544 2640 esse.
586 2579 651 2652 Qua
666 2582 702 2639 de
718 2599 809 2639 causa
827 2611 866 2620 -
885 2580 913 2638 id
930 2581 1008 2655 quod
1032 2579 1109 2638 inira
1132 2580 1344 2638 demonstrabo

67 2720 106 2728 -
126 2696 154 2747 et
169 2688 318 2760 Duridem,
345 2688 392 2747 cui
416 2709 538 2764 parvam
562 2689 650 2747 sidem
673 2687 784 2761 habuit,
810 2695 837 2746 et
853 2688 1042 2746 ldorneneum
1062 2687 1229 2764 Lampsac,
1255 2706 1344 2763 quern
1414 2708 1417 2717 ·

65 2796 217 2855 hominem
241 2795 433 2855 maledicendi
459 2795 685 2872 cupidissimum
709 2815 776 2854 csse
798 2802 984 2869 cognoverat,
1009 2814 1076 2853 raro
1100 2794 1239 2870 respexit.

173 2902 249 2974 Quid
281 2923 366 2978 ergn,
398 2903 539 2979 quoniam
563 2903 755 2962 Plutarchum
779 2912 842 2962 tum
867 2903 975 2979 ipsum,
1002 2921 1069 2961 cum
1093 2900 1183 2961 alicui
1208 2900 1345 2978 scriptori

64 3010 243 3086 obloquitur,
270 3011 369 3086 plures
394 3011 490 3070 fontes
514 3011 589 3069 inter
613 3031 645 3070 se
669 3011 890 3087 comparavisse
918 3012 1006 3086 atque
1030 3008 1152 3067 omnino
1177 3029 1265 3068 suum
1289 3008 1345 3068 sihi

65 3117 206 3176 iudicium
230 3118 339 3194 ubique
355 3137 491 3178 servasse
508 3125 639 3194 apparet,
664 3138 736 3176 num
753 3118 778 3177 ei
796 3118 837 3176 illi
853 3118 920 3190 loci,
946 3117 1053 3193 quibus
1071 3115 1100 3174 in
1116 3116 1346 3192 Theopompum

65 3223 103 3294 (c.
132 3225 180 3296 13,
208 3228 257 3297 18,
285 3224 339 3298 21)
364 3232 392 3285 et
413 3225 592 3284 Aeschinem
608 3225 647 3298 (c.
667 3224 721 3296 22)
746 3224 901 3297 invehitur,
928 3224 1116 3284 abiudicandi
1139 3229 1230 3282 sunt?
1269 3223 1346 3282 Nam

65 3351 156 3406 quam
180 3332 309 3391 maxime
332 3332 441 3391 mirum
466 3340 519 3405 est,
545 3334 623 3408 quod
646 3332 788 3407 Roesiger
812 3333 848 3391 ad
866 3333 920 3390 hos
937 3333 1032 3407 legem
1049 3332 1130 3391 illam
1147 3332 1207 3390 non
1224 3331 1344 3390 rettulit.

64 3439 198 3515 Denique
222 3440 344 3498 dubium
368 3460 426 3499 non
452 3447 510 3511 est,
543 3439 627 3498 cuius
652 3459 687 3498 ex
713 3440 780 3499 stilo
805 3439 942 3499 fluxerint
964 3439 1053 3498 haec:
1079 3455 1129 3518 pm
1150 3433 1233 3495 δοκεῖ
1247 3457 1273 3500 ο.
1294 3441 1343 3509 12,

63 3535 119 3601 οὐκ
135 3538 170 3602 ἄν
186 3562 236 3625 μοι
251 3540 368 3604 δοκοῦσι
384 3547 464 3618 ibid,
482 3538 554 3604 ὅθεν
569 3537 623 3604 oba
639 3538 694 3603 οἶδ’
712 3539 792 3612 ὅπως
808 3546 939 3626 παρέστη
956 3540 1123 3626 Θεοπόμπῳ
1139 3541 1232 3621 λέγειν
1248 3566 1273 3608 c.
1294 3547 1344 3618 13,

63 3643 104 3717 ὡς
119 3651 224 3733 γράφει
238 3650 291 3710 καὶ
305 3648 448 3731 τραγῳδεῖ
462 3647 637 3733 Θεόπομπος
653 3674 678 3717 c.
699 3657 749 3727 21,
774 3645 831 3729 ἐγὼ
847 3648 873 3710 δ’
891 3644 945 3711 oba
961 3646 996 3711 ἂν
1011 3647 1118 3733 εἴποιμι
1134 3673 1159 3714 c.
1178 3659 1229 3726 22,
1254 3656 1346 3710 ταῦτα

63 3756 116 3836 μὲν
139 3749 226 3816 εἰπεῖν
249 3757 448 3841 προήχθημεν
472 3780 496 3819 c.
516 3764 556 3820 22
574 3769 658 3835 extr„
683 3769 716 3821 ut
739 3762 974 3838 praetermittam
999 3762 1088 3821 etiarn
1110 3762 1162 3820 illa
1185 3755 1267 3817 δοκεῖ
1282 3763 1345 3819 ct

63 3863 237 3942 similesque
254 3887 339 3926 voces
356 3887 495 3942 magnam
513 3874 635 3944 partem,
654 3868 705 3928 illa
721 3859 850 3950 φαίνεται
867 3889 892 3931 c.
909 3872 946 3928 13
965 3877 992 3928 et
1011 3870 1061 3939 14,
1080 3865 1192 3948 φανερὰ
1207 3859 1243 3946 ἦν
1259 3886 1284 3926 c.
1305 3868 1344 3926 16

63 3972 166 4032 omnia
189 3974 347 4034 Plutarcho
373 3995 439 4034 esse
462 3975 667 4060 adiudicanda,
694 3977 772 4052 quod
796 3977 872 4036 infra
896 3977 926 4036 in
949 3979 1030 4036 clara
1053 3977 1119 4035 luce
1144 3995 1262 4052 ponam.

170 4080 217 4153 At,
243 4082 348 4142 dixerit
372 4083 488 4160 aliquis,
515 4102 637 4160 operam
661 4084 775 4160 perdis!
801 4105 871 4143 nam
887 4085 1028 4158 Roesiger
1050 4083 1244 4158 sagacissime
1266 4082 1346 4142 inda·

62 4187 140 4262 gavit
165 4188 358 4248 Plutarchum
383 4190 440 4249 sibi
463 4210 523 4248 non
547 4198 692 4261 constare,
718 4210 777 4250 non
802 4192 892 4250 semel
914 4191 974 4250 sibi
998 4190 1127 4267 obloqui,
1152 4208 1222 4264 crgo
1246 4189 1345 4249 iudicii

62 4295 108 4354 sui
133 4303 302 4373 compotem
324 4317 384 4355 non
408 4317 483 4356 esse.
534 4297 671 4357 Concedo
693 4299 884 4358 Plutarchum
910 4317 1123 4374 nonnunquam
1148 4297 1203 4356 sibi
1227 4298 1344 4356 deesset

77 4401 307 4500 ”i——¹)“H—.—Sa
319 4449 408 4501 uppe
427 4429 480 4486 ‘die
494 4435 607 4501 Quellen
621 4435 763 4491 Plutarrhs
785 4437 826 4488 ltu·
846 4436 894 4487 das
908 4435 997 4493 Lehen
1018 4436 1064 4493 iles
1077 4433 1209 4498 Pericles',
1230 4435 1301 4491 Ahh,
1320 4434 1346 4490 d.

63 4522 89 4578 k.
110 4522 140 4575 G.
161 4523 186 4576 d.
207 4523 248 4579 W.
269 4540 289 4579 z.
310 4521 467 4581 Gott.x111.
