3164 5182
157 551 240 621 parte
255 543 462 622 excerpsisset,
487 547 565 621 quod
581 545 700 623 quidem
716 547 815 624 paullo
832 545 908 605 infra
924 544 1032 604 clarius
1049 544 1310 617 demonstrabitur,
1335 543 1430 622 quidni
1464 538 1466 551 '

154 650 250 728 ipsius
267 651 444 721 sententiam
463 651 506 711 int
494 659 661 729 tterponere
679 642 801 730 (ἀλλ
774 667 828 709 οοκ
843 645 958 708 ἔοικεν.
975 645 1006 732 .,)
1030 652 1090 711 sive
1106 652 1131 711 is
1148 671 1235 729 quem
1252 660 1376 712 secutus
1392 661 1430 712 est
1464 692 1466 745 Ι

156 758 373 818 in'eandem
350 779 411 818 srve
426 758 456 818 in
472 767 540 818 cont
541 758 650 819 rariam
666 767 780 838 partem
797 765 945 819 cesserat?
933 758 1032 818 rice
1021 766 1117 818 terum
1133 759 1220 819 etiam
1238 779 1273 819 ex
1292 759 1339 833 iis,
1362 779 1466 841 quae
1464 816 1466 857 t

154 874 280 927 aetatem
303 867 442 940 tulerunt,
465 867 642 927 Caecilianis
664 887 723 926 non
747 868 853 940 elucet,
833 875 967 944 tquam
983 865 1031 925 hic
1048 873 1113 926 sent
1115 866 1223 926 entiam
1240 867 1429 944 adoptaverit
1464 860 1466 913 Ῑ

261 973 357 1034 Etiam
393 974 570 1035 luculentius
602 976 813 1035 documentum
848 975 924 1033 Plut.
957 994 981 1034 c.
1013 976 1050 1034 15
1078 974 1238 1033 Caecilium
1262 975 1430 1034 excussisse
1464 994 1466 1005 ·

88 1170 91 1175 ‚
154 1082 279 1142 eflicitur
303 1082 410 1141 collato
434 1082 499 1142 loco
523 1083 652 1158 quodam
676 1082 819 1155 cumeis,
845 1102 921 1158 quae
941 1082 1028 1144 Gell.
1049 1082 1098 1154 15,
1117 1084 1156 1141 28
1183 1082 1326 1142 servavit:
1353 1073 1428 1141 ‘Illud
1464 1084 1466 1127 ἲ

93 1248 96 1256 ,
153 1190 226 1249 adeo
250 1191 287 1248 ab
311 1189 464 1266 utriusque
488 1189 613 1249 oratoris
637 1189 778 1248 studiosis
803 1190 1041 1249 animadversum
1057 1196 1085 1247 et
1106 1187 1250 1264 scriptum
1274 1196 1330 1261 est,
1357 1190 1428 1266 quod
1464 1186 1466 1223 ⁵

150 1297 304 1357 Demosth.
322 1304 350 1357 et
367 1297 469 1356 Cicero
486 1297 550 1374 pari
566 1305 661 1357 aetate
683 1297 911 1356 inlustrissimas
936 1296 1083 1356 orationes
1108 1295 1138 1353 in
1161 1295 1260 1354 causis
1285 1295 1427 1369 dixerunt,
1464 1294 1466 1345 ἶ

151 1406 225 1465 alter
240 1402 318 1462 κατὰ
326 1395 542 1481 ,.Ἄνδροτίωνος
558 1414 586 1464 et
601 1403 679 1461 κατὰ
694 1395 899 1484 Τιμοκράτους
915 1411 1028 1481 septem
1044 1409 1072 1461 et
1088 1402 1189 1477 viginti
1213 1422 1310 1461 annos
1335 1410 1427 1472 natus,

152 1512 227 1572 alter
249 1532 328 1572 anno
351 1511 448 1571 minor
472 1532 525 1589 pro
542 1512 575 1575 P.
593 1511 730 1584 Quinctio
754 1511 939 1588 septimoque
963 1517 990 1569 et
1014 1510 1153 1568 vicesimo
1177 1529 1230 1586 pro
1255 1509 1286 1572 S.
1305 1499 1426 1568 Roscio’.

196 1674 198 1679 Α
250 1618 355 1696 ¹Atque
378 1638 447 1678 cum
470 1620 763 1680 Plut.c.15nred.
789 1619 862 1678 haec
885 1619 1008 1677 habeat:
1032 1622 1089 1673 των
1112 1611 1145 1672 δὲ
1168 1610 1317 1696 δημοσίων
1341 1607 1358 1673 ὁ
1381 1613 1428 1694 μὲν
1464 1658 1466 1703 ;

151 1716 216 1782 κατ’
228 1716 436 1803 Ἀνδροτίωνος
445 1740 473 1783 κ.
484 1717 687 1805 Τιμοκράτους
699 1723 751 1783 καὶ
760 1717 1008 1804 Ἀριστοκράτους
1018 1716 1125 1802 ἑτέροις
1136 1715 1317 1804 ἐγράφησαν,
1330 1715 1427 1779 οὔπω
1464 1714 1466 1761 Ι

143 1837 207 1910 τη
217 1828 394 1910 πολιτεία
423 1828 783 1914 προσεληλυθότος
813 1827 894 1889 δοκεῖ
919 1830 975 1909 γὰρ
965 1823 1116 1888 ν”δοοῖν
1099 1847 1119 1910 η
1142 1835 1225 1908 τριῶν
1252 1822 1397 1886 δέοντα
1382 1845 1427 1908 etr,

150 1938 307 2016 τριάκοντα
329 1939 453 2016 γεγονὼς
476 1931 630 2016 ἐξενεγκεῖν
652 1938 720 2006 τοὺς
743 1935 849 2015 λόγοος
864 1931 992 2004 ἐκείνοος
1007 1946 1036 1998 et
1052 1959 1099 2015 ap.
1116 1939 1235 2014 Dionys
1253 1937 1353 2000 Halic.
1372 1937 1466 2015 (ep

152 2048 189 2106 ad
204 2047 302 2108 Amm
319 2048 413 2125 l4p
434 2051 496 2109 744
512 2047 631 2120 Reiske)
648 2048 721 2107 haec
737 2050 886 2122 legamus:
911 2036 964 2103 καί
983 2037 1056 2103 ἐστιν
1079 2036 1167 2103 αὐτου
1190 2050 1340 2123 πρῶτος
1365 2049 1428 2100 πων
1464 2058 1466 2067 ·

151 2147 188 2212 ἐν
211 2145 448 2235 δικαστηρίῳ
472 2151 775 2212 κατασκεοασθὲ
783 2170 873 2211 ντων
896 2146 1047 2227 ἀγώνων
1071 2170 1086 2209 ο
1110 2149 1188 2209 κατὰ
1210 2143 1428 2228 Ανδροτίωνος,

151 2255 182 2319 ὃν
205 2261 332 2343 γέγραφε
346 2253 485 2341 Διοδώρῳ
501 2267 540 2340 τῷ
557 2259 685 2340 κρίνοντι
693 2259 725 2318 τὸ
741 2259 877 2342 ψήφισμα
891 2259 1070 2338 παρανόμων
1091 2291 1123 2300 -
1144 2279 1242 2319 nonne
1258 2258 1428 2331 Caecilium,

151 2388 219 2428 cum
235 2369 295 2429 iam
307 2369 465 2446 Dionysius
482 2370 545 2429 eius
561 2369 724 2442 familiaris,
742 2369 818 2428 hanc
834 2369 927 2427 fuisse
943 2367 1070 2444 primam
1082 2366 1291 2426 Demosthenis
1309 2385 1429 2426 causam

151 2476 302 2553 publicam
325 2477 459 2551 eruisset,
490 2478 521 2537 in
544 2468 773 2554 ‘comparatione
797 2475 858 2538 Cic.
884 2495 951 2534 cum
975 2464 1137 2534 Demosth’
1161 2475 1249 2546 (Plut.
1274 2473 1428 2536 Demosth.

152 2602 177 2645 c.
203 2581 234 2656 3)
258 2583 314 2642 hoc
338 2584 380 2642 sic
404 2585 598 2662 supplevisse,
623 2592 655 2643 ut
671 2585 744 2644 Gell.
769 2591 798 2642 et
817 2583 894 2645 Plut.
912 2603 948 2641 ex
972 2601 1005 2641 eo
1029 2580 1307 2656 transscripserunt,
1333 2579 1430 2640 verisi-

151 2688 309 2749 millimum
318 2696 384 2751 est?
405 2687 1429 2767 Colligimusenimhocmodo:DionysiusGelliananondumpraebet,

144 2794 227 2863 ‚Plut.
253 2803 303 2855 aut
329 2797 502 2874 Dionysium
526 2806 577 2858 aut
601 2797 762 2858 Caecilium
785 2799 821 2856 de
844 2804 968 2873 utroque
993 2795 1136 2872 scriptore
1160 2793 1320 2867 consuluit,
1351 2795 1429 2871 atqui

151 2900 297 2964 Caecilius
315 2903 428 2980 primus
444 2901 590 2982 σὺγκρισιν
605 2909 655 2963 τοῦ
670 2896 747 2986 hap,
764 2920 791 2961 κ.
808 2896 878 2961 Κικ.
896 2904 1064 2981 scripserat,
1089 2901 1265 2961 Plutarchus
1283 2921 1352 2960 eam
1369 2902 1430 2979 ipse

151 3018 336 3083 cognoverat,
353 3020 466 3071 certum
483 3012 572 3086 igitur
589 3020 634 3072 est
645 3011 807 3071 Caecilium
819 3031 836 3070 a
848 3011 1007 3070 Plutarcho
1020 3010 1050 3068 in
1062 3010 1118 3068 hac
1132 3028 1164 3068 re
1174 3007 1341 3068 adhibitum
1355 3029 1428 3069 esse.

248 3116 341 3177 Libet
369 3118 520 3196 paulisper
544 3121 581 3178 ad
605 3139 648 3192 ea,
681 3138 756 3195 quae
780 3119 855 3178 Plut.
882 3138 906 3177 c.
934 3120 972 3177 12
997 3118 1033 3176 de
1057 3136 1099 3176 or.
1124 3102 1252 3176 Midiana
1275 3116 1429 3192 explicuit,

149 3223 310 3301 respicere;
335 3234 413 3285 certe
428 3226 507 3285 enim
523 3227 599 3286 Plut.
618 3226 713 3286 verbis
730 3241 779 3306 μοι
795 3219 877 3281 δοκεῖ
891 3224 1010 3297 indicat,
1034 3224 1134 3300 ipsum
1151 3244 1183 3282 se
1198 3222 1229 3281 in
1244 3242 1278 3281 ea
1296 3223 1431 3283 oratione

149 3339 299 3391 versatum
315 3352 397 3405 esse3
423 3341 526 3393 contra
538 3334 605 3410 quis
622 3334 648 3392 ei
665 3333 782 3408 singula
798 3331 1073 3404 subministraverit,
1091 3338 1190 3390 utrum
1207 3331 1309 3407 stirpis
1327 3339 1430 3391 auctor

149 3458 188 3497 an
219 3439 381 3514 CaeciliuS,
413 3441 532 3500 difficile
557 3440 647 3504 dictu.
700 3440 731 3499 Si
762 3448 861 3499 autem
890 3437 1050 3497 Caecilium
1078 3438 1104 3497 ei
1133 3438 1170 3497 ob
1201 3438 1305 3496 oculos
1337 3439 1430 3498 fuisse

148 3551 292 3618 tenemus,
306 3567 366 3606 non
378 3547 438 3607 iam
451 3556 504 3621 est,
523 3566 575 3606 cur
588 3568 656 3607 eurn
668 3547 757 3607 etiam
769 3547 806 3607 ad
816 3546 1054 3620 cognoscendam
1064 3545 1210 3605 Midianae
1222 3545 1429 3606 condicionem

149 3651 310 3713 Caecilium
333 3655 504 3715 adhibuisse
528 3674 678 3730 negemus,

256 3760 338 3838 Cap.
360 3765 398 3823 16
415 3762 491 3821 Plut.
510 3763 547 3821 ad
571 3783 613 3836 ea,
639 3783 714 3840 quae
731 3782 755 3821 e.
777 3766 815 3824 12
832 3759 944 3820 verbis:
969 3755 1045 3839 ταχὺ
1068 3753 1156 3826 δόξαν
1179 3751 1265 3838 ἐ’σγεν
1289 3752 1429 3840 δημαγω·

147 3863 272 3941 γοὺντων
295 3869 440 3944 attigerat,
457 3869 619 3943 revertitur,
645 3870 716 3947 quin
737 3877 891 3929 recurrunt
907 3869 1010 3948 eadem
1029 3868 1113 3927 verba
1131 3888 1154 3930 s.
1172 3867 1216 3926 in:
1241 3859 1284 3922 διὸ
1301 3881 1330 3923 κ.
1347 3865 1429 3946 παρὰ

147 3964 187 4031 Φ.
199 3970 332 4042 πλεῖστος
342 3968 377 4056 ἦν
389 3971 478 4051 λόγος
489 3966 584 4037 αὐτοῦ.
622 3976 681 4036 Cur
694 3997 784 4053 supra
796 3978 832 4036 ab
846 3985 1018 4052 argumento
1032 3974 1176 4036 aberravit
1188 3974 1301 4034 oratio?
1330 3975 1429 4035 Facile

146 4079 205 4140 hoc
227 4083 388 4159 intelleges,
413 4086 501 4144 modo
524 4093 643 4162 reputes
667 4104 744 4158 eum,
768 4092 801 4144 ut
825 4084 1021 4161 Theopompi,
1045 4083 1095 4161 qui
1111 4081 1303 4140 Demostheni
1328 4081 1429 4142 incon·

148 4190 288 4250 stantiam
312 4191 428 4251 crimini
451 4194 584 4264 dederat,
614 4190 744 4267 iniquius
774 4189 915 4250 iudicium
939 4191 1109 4266 infringeret
1132 4197 1221 4266 atque
1244 4188 1370 4248 omnino
1396 4191 1429 4249 de

146 4296 302 4358 virtutihus
327 4308 354 4358 et
378 4299 455 4359 vitiis
476 4298 685 4359 Demosthenis
709 4297 876 4358 accuratius
901 4298 1086 4376 comperiret,
1111 4298 1147 4357 ad
1172 4295 1247 4356 alios
1272 4297 1373 4356 lontes
1399 4317 1429 4356 se

146 4406 335 4466 convertisse.
382 4407 484 4485 ltaque
511 4406 651 4467 Panaetio
681 4406 785 4479 nixuS,
818 4409 895 4484 quod
926 4407 1086 4466 honestum
1115 4412 1234 4483 propter
1263 4423 1295 4463 se
1326 4405 1427 4482 ipsum

145 4511 207 4574 fieri
237 4514 390 4591 voluisset,
421 4515 563 4589 laudavit,
595 4515 775 4575 Demetrium
801 4524 935 4588 secutus,
961 4516 1038 4593 quod
1063 4533 1159 4591 neque
1182 4512 1212 4572 in
1235 4512 1329 4572 armis
1356 4514 1429 4575 satis
