3164 5182
685 312 900 381 ..48-

256 496 436 573 Provocatus
460 497 599 558 extremis
623 499 763 558 conviciis
787 500 824 559 ab
840 498 988 559 Aeschine
1007 499 1036 559 in
1052 499 1294 562 Demosthenem
1320 510 1423 579 propter

149 594 329 685 μισοτεκνίαν
353 603 494 664 coniectis
518 605 704 678 Plutarchus,
730 607 777 666 cui
801 608 837 665 de
861 607 994 666 moribus
1018 607 1227 684 philosophari
1251 609 1286 668 in
1312 610 1423 669 summis

149 712 262 772 deliciis
286 711 354 784 fuit,
386 712 470 771 illum
499 712 597 772 allatis
621 713 722 772 multis
747 721 775 772 et
799 714 980 788 argumentis
1003 722 1031 774 et
1054 715 1143 773 rebus
1166 716 1293 776 refutat.
1344 716 1425 793 Atque

149 827 177 878 et
200 826 374 894 argumenta
397 826 425 878 et
448 839 495 878 res
517 851 550 859 -
571 819 599 878 id
623 820 702 895 quod
726 820 898 879 firmissimo
921 828 1041 879 nostrae
1058 821 1224 880 sententiae
1240 823 1426 883 fundamento

149 934 247 985 est-
274 947 309 985 ex
333 926 532 986 Demosthene
555 934 583 984 et
606 926 754 985 Aeschine
777 935 929 986 mutuatus
954 935 1006 999 est,
1032 927 1214 1003 quibusdam
1239 931 1425 1005 argumentis

149 1041 180 1092 ut
204 1033 290 1092 facile
313 1041 357 1092 est
380 1033 539 1104 intellectu,
564 1052 600 1092 ex
624 1033 718 1110 ipsius
743 1034 859 1108 ingenio
884 1041 911 1093 et
936 1033 1034 1092 animo
1059 1034 1175 1098 additis.
1224 1036 1352 1097 Etenim
1374 1058 1428 1096 cun

148 1141 200 1212 εἰς,
225 1160 301 1216 quae
324 1141 461 1215 leguntur
477 1139 506 1199 in
521 1140 629 1200 Aesch.
648 1143 677 1213 3,
695 1144 750 1201 57:
775 1138 826 1197 καί
848 1137 915 1206 τοὺς
938 1124 1156 1221 φιλανθρώπως
1175 1156 1205 1198 ιι.
1220 1141 1361 1222 μετρίως
1383 1148 1428 1211 τοίς

147 1253 199 1328 τῆς
222 1241 338 1313 πόλεως
361 1245 512 1325 πράγμασι
535 1247 744 1327 χρησαμένους
760 1248 943 1324 (Philippum
966 1256 994 1306 et
1010 1247 1229 1320 Alexandrum)
1255 1259 1288 1310 et
1310 1251 1343 1310 in
1358 1252 1428 1311 Deru.

151 1356 200 1426 18,
215 1357 292 1414 231:
305 1358 358 1434 τῆς
370 1348 602 1434 μλανδρωπίας,
614 1347 650 1433 ἣν
662 1350 697 1410 τά
710 1348 799 1410 λοιπά
808 1359 863 1409 τῶν
872 1353 1052 1432 πραγμάτων
1061 1345 1171 1420 ἐκεῖνος
1180 1351 1430 1438 περιβαλλόμενος

147 1452 303 1517 ἐπλάττετο
327 1468 492 1534 congruunt
507 1461 696 1520 Plutarchea:
722 1454 866 1535 βασιλέως
888 1452 1007 1541 ἡμέρως
1026 1452 1101 1518 olea
1117 1476 1145 1517 ιι.
1162 1456 1429 1544 μιλανθρώπωςὲν

148 1557 362 1648 οἷςήίιτίιχησε
385 1565 574 1647 χρησαμένου
598 1556 749 1623 πταίσασιν
773 1557 883 1649 αὐτοῖς
907 1569 1084 1644 quibuscum
1109 1577 1136 1627 et
1160 1569 1377 1646 PolybianaV
1399 1573 1429 1632 10

149 1675 350 1751 comparanda
374 1658 458 1744 sunt,
491 1693 584 1750 quae,
610 1672 635 1731 si
660 1674 823 1731 secundum
848 1673 1076 1752 Theopompum
1100 1676 1213 1753 scripta
1240 1686 1332 1752 sunt,
1364 1679 1430 1756 quod

148 1781 314 1840 Wichersio
332 1781 351 1843 l.
368 1801 407 1839 m.
420 1788 447 1840 et
460 1800 533 1858 ¹cum
553 1800 587 1839 eo
599 1779 630 1839 C.
648 1780 787 1839 Muellero
805 1781 888 1840 1323
908 1782 1026 1858 placuit,
1043 1783 1242 1843 Plutarchum
1258 1786 1353 1846 tertio
1370 1794 1431 1846 teste

148 1888 249 1948 nixum
276 1889 348 1947 satis
373 1908 480 1948 causae
505 1888 654 1960 habuisse,
681 1907 732 1946 cur
756 1888 812 1946 hoc
837 1889 1010 1964 perhiberet,
1036 1890 1206 1950 testimonio
1234 1901 1322 1954 sunt.

256 1996 363 2056 Postea
384 2027 416 2035 —
438 1996 517 2072 quod
533 1995 631 2072 ipsum
649 2003 786 2054 accurate
801 1995 1093 2056 animadvertendum
1110 2018 1176 2057 esse
1192 2018 1312 2060 censeo
1336 2033 1372 2042 -
1390 2001 1432 2059 De

150 2103 334 2162 mosthenico
359 2110 533 2177 argumento
558 2110 619 2162 tam
644 2103 799 2178 perspicue
823 2103 922 2176 utitur,
948 2111 979 2162 ut
1003 2123 1055 2180 pro
1080 2105 1252 2164 certissimo
1270 2107 1338 2167 iam
1356 2115 1433 2169 statu·

150 2212 259 2270 endum
280 2209 318 2269 sit
341 2229 409 2268 eum
425 2208 513 2268 huius
530 2210 692 2269 orationem
708 2211 744 2269 de
760 2229 868 2268 corona
881 2212 1079 2286 compositam
1091 2213 1325 2274 studiosissime
1337 2216 1433 2291 legisse

150 2326 178 2376 et
203 2324 419 2394 perscrutatum
436 2336 511 2378 esse.
546 2317 602 2388 An,
629 2337 704 2393 quae
719 2317 801 2376 Dem.
823 2320 871 2389 18,
899 2320 960 2377 287
978 2319 1092 2378 verbis:
1117 2310 1177 2376 εἶτα
1200 2317 1259 2377 καὶ
1282 2323 1434 2404 προσήκειν

149 2415 402 2502 ὑπολαμβάνοντες
419 2455 458 2463 —
477 2417 552 2504 μηδὲ
567 2427 602 2502 τῇ
619 2428 702 2505 poreq
718 2418 851 2502 δακρυειν
874 2414 1097 2505 ίιπονιρινόμενον
1117 2424 1168 2506 τὴν
1192 2418 1321 2485 ἐκείνων
1345 2427 1434 2511 cipp,

150 2523 230 2588 ἀλλὰ
252 2533 288 2608 τῇ
312 2527 394 2609 ψυχῇ
418 2524 569 2605 συναλγεῖν
592 2532 661 2590 boni
686 2531 757 2590 civis
781 2552 847 2590 esse
871 2534 1029 2605 contendit,
1054 2533 1203 2593 contraria
1230 2545 1308 2596 sunt
1334 2546 1364 2597 et
1385 2557 1434 2596 non

149 2638 328 2714 respondent
350 2637 535 2696 Plutarcheis
558 2628 675 2717 τίθεμαι
703 2630 869 2716 ἀνδρώδους
900 2637 999 2720 ψυχῆς
1025 2671 1062 2680 -
1088 2638 1161 2718 πρὸς
1190 2639 1246 2722 τὴν
1276 2633 1435 2703 undisoni

258 2743 343 2820 Cap.
370 2746 420 2803 23.
468 2743 532 2803 Hoc
557 2765 675 2822 quoque
698 2746 794 2821 capite
817 2746 893 2806 Plut.
919 2747 956 2805 ad
981 2747 1158 2806 Aeschinem
1187 2757 1356 2824 spectasse
1379 2771 1435 2810 con·

79 2928 81 2934 γ
151 2859 326 2910 sentaneum
350 2858 412 2923 est3
437 2871 507 2910 nam
531 2851 577 2910 bis
602 2871 670 2910 cum
694 2871 728 2910 eo
752 2853 903 2927 congruit:

352 2959 430 3021 Plut.
455 2979 480 3019 c.
508 2962 560 3020 23:
989 2961 1096 3024 Aesch.
1123 2965 1152 3034 3,
1180 2965 1262 3024 160:

197 3068 224 3126 1.
248 3059 339 3122 παῖδα
366 3079 395 3121 ιι.
419 3057 571 3147 Μαργίτην
601 3060 762 3124 ἀποκαλῶν
864 3071 891 3129 1.
915 3060 1078 3148 ἐπωνυμίαν
1098 3059 1123 3125 δ’
1137 3059 1339 3152 Ἀλεξάνδρῳ
1356 3065 1436 3152 Μαρ

150 3162 236 3230 αὐτόν
259 3171 489 3245 (Alexandrum)
816 3172 895 3255 γίτην
918 3166 1032 3232 ἐτίθετο

195 3283 224 3341 2.
245 3311 281 3321 -
301 3270 408 3360 ὁΔημ.
425 3269 555 3358 αἱρεθεὶς
575 3273 644 3360 μεθ’
659 3273 763 3360 ἐτέρων
863 3286 891 3342 2.
920 3284 1027 3343 Aesch.
1060 3287 1087 3354 3,
1119 3285 1195 3343 161;
1233 3275 1344 3369 ἐπειδὴ
1380 3283 1433 3366 περ’

148 3382 326 3465 πρεσβευτὴς
349 3384 422 3463 πρὸς
436 3377 640 3466 Ἀλέξανδρον,
664 3380 763 3455 δείσας
817 3384 920 3470 Θήβας
943 3382 978 3470 ἡν
994 3388 1025 3446 τὸ
1042 3384 1234 3468 στρατόπεδον
1256 3392 1436 3473 πρεσβευτὴς

148 3487 180 3550 δὲ
203 3492 254 3574 τὴν
277 3485 365 3573 ὀργὴν
388 3484 422 3550 ἐκ
441 3497 490 3550 του
507 3486 695 3573 Κιθαιρῶνος
711 3487 763 3552 διν-
815 3487 863 3576 r'rp’
885 3487 965 3576 ὑμῶν
992 3494 1210 3577 χειροτονηθείς
1242 3491 1436 3581 ἀποδράςὲι

149 3599 300 3682 εχώρησεν
334 3592 425 3657 ὀπίσω
459 3615 487 3657 κ.
525 3599 576 3681 τὴν
609 3593 762 3679 πρεσβείαν
816 3595 906 3681 μέσου
941 3608 991 3661 του
1026 3596 1212 3681 Κιθαιρῶνος
1250 3599 1332 3688 ἠνιεν
1372 3600 1436 3666 ὓπο-

149 3699 261 3789 ἀμῆιιεν
816 3709 948 3790 στρέψας.

250 3807 337 3873 ¹Haec
361 3814 461 3874 omnia
484 3834 520 3899 ex
545 3816 649 3874 eodem
672 3816 746 3888 loco,
772 3818 849 3876 unde
866 3838 900 3876 ea
916 3837 991 3894 qnae
1007 3839 1032 3880 o.
1052 3823 1092 3879 22
1110 3840 1146 3879 ex
1163 3820 1321 3883 Aeschine
1339 3823 1436 3902 repeti·

149 3930 237 3996 verat,
262 3921 437 4000 desumpsit.

256 4029 294 4088 At
319 4029 419 4089 fierine
443 4028 551 4106 potuit,
584 4037 616 4089 nt
639 4029 715 4094 Plut.
740 4031 814 4116 haec
838 4031 878 4090 ita
902 4042 1021 4107 augeret
1045 4042 1072 4094 et
1097 4035 1265 4110 adornaret,
1302 4048 1339 4100 ut
1363 4057 1434 4101 nunc

150 4141 288 4196 exstant?
323 4135 451 4196 Minime.
486 4137 559 4209 Quis
583 4146 682 4197 autem
706 4138 732 4197 ei
755 4139 828 4198 haec
852 4142 1059 4217 supplementa
1083 4143 1227 4219 praebuit,
1254 4147 1303 4205 vel
1330 4149 1434 4226 potius,

150 4264 225 4322 quos
254 4243 413 4320 scriptores
443 4245 520 4305 Plut.
550 4245 586 4304 de
614 4247 701 4305 rebus
732 4246 799 4305 inde
831 4266 847 4305 a
878 4245 1006 4325 Philippi
1036 4258 1130 4309 morte
1159 4250 1251 4325 gestis
1281 4255 1434 4326 excussit?

150 4350 293 4428 Equidem
317 4352 425 4412 nescio.
462 4351 649 4429 Theopompi
667 4352 745 4411 enim
761 4352 927 4429 Philippica
951 4375 1010 4413 non
1033 4356 1110 4415 ultra
1133 4357 1262 4417 deducta
1285 4370 1379 4423 erant
1400 4369 1433 4433 et,

151 4477 332 4540 quamquain
355 4459 470 4519 duobus
495 4460 666 4537 fragmentis
691 4480 758 4520 eum
784 4460 941 4521 nonnullas
965 4482 1012 4522 res
1037 4470 1105 4540 post
1120 4483 1233 4524 annum
1252 4468 1322 4529 324
1341 4477 1433 4547 gestas
