3164 5182
597 352 809 420 ..33..

166 535 242 596 Nam
272 535 330 598 nisi
353 537 410 597 hoc
434 539 499 597 loco
523 537 601 602 Plut.
627 538 697 600 talia
720 557 870 614 nusquam
893 538 1042 598 invenisse
1065 537 1137 597 mihi
1162 559 1339 615 persuasum

55 653 114 710 est.
162 645 248 718 Quod
271 645 400 706 maxime
425 647 636 722 comprobatur
659 665 707 718 ec,
733 646 811 721 quod
835 644 912 708 Plut.
943 645 1082 722 deinceps
1106 645 1142 704 ad
1166 665 1228 706 rem
1253 649 1340 723 plane

54 753 207 816 diuersam
231 752 347 815 transit.
816 818 819 824 ,

139 899 144 906 -
166 860 224 919 Sed
237 868 396 936 antequam
413 860 645 936 progrediamur,
663 867 779 936 oportet
796 879 831 918 ex
844 860 932 917 rebus
945 860 1033 917 modo
1045 859 1177 919 tractatis
1189 861 1340 921 Plutarchi

56 966 146 1041 quale
170 966 256 1024 fucrit
279 965 421 1025 iudicium
444 986 593 1043 quaerere.
642 966 778 1042 Namque
807 966 960 1042 praeclaro
984 965 1032 1024 hic
1056 967 1139 1026 locus
1164 968 1340 1028 documento

57 1080 105 1131 est
129 1092 196 1131 eum
219 1073 249 1132 in
272 1074 383 1132 ntalem
409 1081 524 1149 partem
547 1073 589 1131 ire
613 1092 672 1131 non
697 1073 818 1131 solitum
835 1092 910 1144 esse,
936 1072 1111 1149 priusquam
1131 1093 1195 1132 rem
1218 1074 1258 1134 ite
1274 1093 1341 1134 sese

55 1179 168 1238 habere
191 1181 407 1257 perspexisset;
431 1181 531 1257 itaque
547 1180 726 1239 Aeschinem
742 1199 811 1238 cum
827 1179 947 1239 vidisset
963 1180 1191 1239 Demosthenem
1209 1181 1341 1256 ignaviae

57 1307 191 1361 arguere,
210 1307 269 1346 non
286 1295 405 1347 secutus
422 1296 476 1360 est,
494 1287 669 1364 priusquam
685 1287 814 1346 Denretr.
831 1287 1017 1359 Phalereum,
1035 1286 1119 1345 cuius
1133 1287 1206 1345 fides
1222 1295 1342 1365 propter

57 1388 268 1454 Demosthenis
285 1395 515 1454 familiaritatem
531 1395 653 1453 minime
669 1402 808 1470 suspecta
832 1401 903 1466 erat,
930 1392 1027 1451 simile
1050 1392 1207 1452 tradidisse
1230 1413 1342 1468 cogno·

59 1502 165 1573 visset;
190 1487 253 1560 tuni
277 1503 397 1561 demum
420 1502 578 1561 Aeschinis
602 1501 698 1560 verbis
723 1501 764 1560 nti
789 1520 880 1560 ausus
906 1506 965 1558 est:

260 1609 336 1669 Plut.
362 1629 387 1668 c.
414 1612 468 1672 14:
840 1607 947 1666 Aesch.
976 1610 1003 1680 3,
1031 1609 1226 1669 173-174:

103 1721 142 1792 τῷ
166 1709 190 1770 δ1
213 1709 328 1773 ἄνωθεν
352 1708 387 1773 ἐκ
409 1709 528 1774 Σοοσων
551 1732 579 1773 κ.
600 1706 672 1773 ’Ἐκ-
769 1720 816 1773 ror
847 1712 942 1794 μέντοι
970 1711 1003 1771 τὸ
1037 1708 1188 1790 βασιλικὸν
1221 1713 1342 1795 χρυσίον

56 1817 190 1898 βατάνιον
202 1813 337 1899 ἐπιβατὸς
349 1821 462 1902 χροσὶιρ
480 1821 606 1898 γεγονὼς
622 1819 674 1878 καὶ
726 1814 740 1880 ὲ
752 1839 773 1879 π
786 1841 793 1880 ι
805 1837 825 1878 κ
837 1821 851 1878 ἑ
862 1837 882 1877 κ
894 1815 913 1877 λ
925 1838 941 1878 u
953 1836 973 1877 κ
985 1838 998 1877 ε
1022 1819 1073 1900 τὴν
1100 1816 1232 1904 δαπάνην
1254 1812 1342 1880 αὐτοῦ

56 1924 443 2008 κατακεκλυσμένος,
459 1922 607 1987 ἐπαινέσαι
622 1927 674 2008 μὲν
771 1931 881 2000 §174:
905 1919 932 1985 οἱ
955 1926 1007 2008 μὲν
1029 1923 1110 2004 λόγοι
1132 1923 1229 2002 καλοί,
1253 1927 1290 1987 τὰ
1317 1921 1343 1986 δ’

54 2026 237 2103 ἱκανώτατος
253 2028 288 2114 ἦν
303 2034 339 2092 τὰ
351 2041 406 2094 τῶν
418 2036 566 2114 προγόνων
581 2030 673 2108 καλά,
726 2030 798 2115 ἔργα
824 2030 924 2118 paulu

55 2141 248 2224 μιμήσασθαι
271 2135 296 2199 δ’
319 2135 376 2223 οὐχ
399 2135 517 2224 ὁμοίως.

166 2250 269 2310 Verbis
287 2248 416 2332 φαίνεται
433 2244 464 2306 δὲ
480 2246 532 2306 καὶ
547 2270 610 2308 rem
628 2251 714 2325 plane
730 2271 838 2311 novam
862 2259 949 2327 atque
974 2252 1010 2311 ab
1034 2251 1090 2310 hoc
1114 2250 1189 2323 loco,
1214 2258 1246 2309 nt
1269 2251 1342 2310 mihi

57 2355 185 2430 videtur,
211 2359 338 2417 alienam
361 2357 506 2432 adiungit:
532 2364 642 2429 narrat,
668 2367 778 2434 quanta
795 2359 914 2418 libertas
933 2379 967 2417 ex
984 2358 1020 2417 iis
1036 2378 1112 2434 quae
1128 2358 1201 2417 dixit
1217 2359 1340 2421 eluceat.

57 2463 137 2522 Voce
161 2463 292 2544 potiretur
320 2485 352 2523 se
380 2465 479 2541 ipsum
510 2485 576 2524 eam
600 2464 769 2540 opinionem
795 2486 829 2524 ex
854 2465 1150 2524 Dernosthenicarum
1174 2465 1341 2523 orationum

59 2571 158 2630 studio
189 2573 364 2649 concepisse
392 2572 518 2644 indicat,
547 2592 637 2648 quam
672 2593 735 2631 rem
763 2575 889 2632 sortasse
914 2573 1126 2649 Theopompus
1151 2572 1177 2630 ei
1201 2571 1340 2632 submini-

59 2686 214 2751 straverat,
234 2680 283 2755 qui
301 2681 425 2739 subinde
441 2681 524 2739 testis
542 2683 670 2753 affertur,
689 2688 725 2752 et,
747 2699 815 2739 curn
831 2679 1067 2739 illustrissimum
1084 2699 1230 2756 quemque
1246 2679 1341 2738 virum

58 2787 97 2844 ab
114 2781 304 2861 optimatium
316 2789 460 2863 partibus,
474 2807 548 2863 quas
561 2787 625 2864 ipse
639 2807 756 2846 summo
770 2788 874 2846 ardore
887 2795 1005 2846 secutus
1019 2794 1073 2860 est,
1086 2787 1204 2847 stetisse
1216 2789 1340 2864 probare

59 2893 200 2965 studeret,
229 2895 293 2953 siue
316 2895 404 2953 dubio
428 2885 594 2974 παρρησίαν
617 2894 699 2954 illam
723 2893 912 2970 optimatium
936 2894 1025 2952 studii
1048 2893 1251 2953 testimonium
1274 2913 1341 2952 esse

59 3001 219 3063 contendit.
255 3001 376 3060 Accedit
400 3003 479 3077 quod
502 3001 550 3059 hic
574 3003 657 3060 locus
682 3003 718 3060 ab
743 3021 786 3069 eo,
812 3021 869 3077 quo
894 3001 971 3061 Plut.
998 3001 1034 3072 (c.
1062 3003 1079 3060 8
1105 3001 1192 3072 extr.)
1217 3000 1340 3077 stirpem

59 3115 181 3166 secutus
207 3129 324 3167 summo
349 3129 437 3185 opere
461 3108 691 3168 Demosthenem
714 3129 781 3168 vere
805 3109 980 3186 popularem
1008 3109 1100 3167 fuisse
1129 3107 1339 3184 comprobavit,

58 3214 193 3276 dissidet.
523 3201 528 3211 ⁸

168 3322 228 3380 lam
250 3321 477 3399 Theopompum
500 3323 600 3399 ipsum
623 3320 788 3383 Plutarcho
806 3330 924 3399 praesto
950 3322 1042 3381 luisse
1068 3320 1258 3381 manifestum
1279 3328 1339 3393 est;

60 3449 132 3488 narn
158 3428 182 3487 si
207 3429 296 3505 stirps
322 3451 356 3488 ea
380 3431 574 3506 praebuisset,
600 3450 624 3490 c.
644 3435 661 3491 8
679 3431 725 3489 his
743 3429 865 3489 diversis
883 3429 997 3489 iudiciis
1014 3429 1089 3488 inter
1106 3449 1137 3488 se
1161 3428 1340 3505 comparatis

60 3538 233 3595 alterutram
251 3537 279 3596 in
298 3545 410 3613 purtem
426 3537 616 3596 diiudicatum
634 3546 721 3596 esset.
759 3537 897 3596 Ceterum
913 3537 1015 3595 eadem
1032 3545 1147 3613 praeter
1158 3535 1341 3595 Dinarchum

63 3645 92 3716 1,
120 3644 418 3704 62-63De1nosth.
439 3647 488 3715 18,
510 3647 808 3704 132-133narrat.
845 3643 926 3714 Quae
943 3643 968 3702 si
985 3663 1053 3701 cum
1069 3643 1220 3703 Plutarchi
1245 3643 1340 3703 verbis
1366 3651 1368 3659 '
1394 3720 1397 3727 ρ

61 3751 343 3826 comparaverimus,
362 3771 576 3826 cognoscemus
593 3772 660 3811 eum
677 3753 713 3810 ad
729 3751 937 3810 Demosthenis
955 3752 1042 3809 verba
1057 3749 1098 3809 ita
1115 3771 1146 3809 se
1162 3751 1339 3828 applicasse,

61 3866 94 3917 ut
110 3857 221 3916 eisdem
239 3860 297 3917 lere
314 3860 409 3918 verbis
427 3860 548 3918 serratis
565 3881 633 3919 eum
649 3859 841 3930 exscriberet3
866 3879 925 3917 una
945 3878 1000 3917 vox
1017 3850 1255 3936 ἀριστοκρατικὸν
1272 3877 1341 3918 cum

61 3965 227 4024 Dinarelreo
244 3957 377 4046 ὀλιγαρχ.
394 3968 489 4042 magis
506 3968 644 4040 concinit,
664 3987 755 4044 quam
771 3987 839 4026 cum
854 3965 1097 4025 Demostlreuico:
1115 3955 1156 4031 ὡς
1172 3955 1201 4022 ἐν
1217 3959 1341 4045 δημοκρ.

60 4065 140 4128 δεινὰ
163 4077 243 4128 ποιῶ.
305 4061 308 4068 ’

170 4180 346 4241 Plutarchea
358 4182 446 4241 verba
457 4178 509 4238 καὶ
525 4172 592 4260 παρ’
602 4171 684 4238 οὐδὲν
700 4178 732 4237 τὸ
744 4183 943 4259 προσκροῦσαι
954 4183 994 4256 τῷ
1005 4172 1090 4260 δήμῳ
1101 4175 1227 4259 θέμενος
1239 4188 1342 4241 neuter

62 4304 168 4344 eorum
192 4289 321 4362 praebet.
369 4288 445 4359 Quid
469 4296 560 4364 ergo?

171 4393 315 4470 Equidem
332 4396 373 4454 sic
391 4404 505 4456 statuo:
523 4396 600 4459 Plut.
614 4396 702 4456 huius
718 4395 760 4455 rei
776 4416 835 4456 non
852 4394 1045 4466 meminisset,
1070 4395 1128 4455 nisi
1144 4416 1210 4455 eam
1226 4395 1340 4471 Theop.

62 4498 159 4559 verbis
189 4492 335 4580 ἀριστοκρ.
363 4496 478 4584 σφόδρα
502 4493 589 4562 αὐτοῦ
619 4497 710 4560 πολίτ.
738 4517 765 4559 κ.
793 4499 825 4561 τὸ
849 4518 878 4559 π.
901 4493 1094 4586 Ἀντιφῶντος
1122 4501 1341 4579 delineavisset3

1130 4604 1147 4658 3
