3164 5182
682 356 897 430 ..ρο-

158 543 245 605 etiam
263 543 384 605 nomina
401 543 579 622 scriptorum
595 553 658 604 tum
675 546 735 605 fere
751 549 920 625 aequalium
940 556 1003 608 tum
1020 547 1226 625 posteriorum.
1263 548 1350 612 Licet
1366 551 1443 614 enim

157 651 610 730 Hermipp'usCallimachcus
629 652 719 712 vitam
739 656 816 715 ultra
836 676 947 715 annum
959 657 1021 715 203
1035 655 1147 731 aliquot
1168 656 1255 716 annis
1274 659 1442 735 deduxerit,

155 757 287 818 Aristo
313 757 419 832 CeuS,
445 779 533 836 quem
557 759 624 818 inde
647 759 684 818 ab
708 780 786 819 anno
812 765 874 822 226
891 761 1154 838 Peripateticorum
1177 772 1326 825 rectorem
1352 768 1443 828 fuisse

155 865 334 942 accepimus
359 866 430 925 flore
454 867 559 926 aetatis
583 865 618 925 de
634 866 833 927 Demosthene
857 888 932 945 quae
954 869 1017 929 eius
1039 870 1095 928 fide
1117 868 1250 929 nituntur
1275 873 1441 950 scripserit,

155 971 444 1047 Eratosthenes,
470 973 520 1050 qui
536 993 613 1032 anno
632 977 693 1034 275
712 983 799 1034 natus
820 978 880 1036 194
898 976 1033 1049 decessit,
1059 975 1155 1052 prima
1178 977 1340 1053 iuventute,
1368 1001 1442 1058 quae

156 1079 214 1139 huc
231 1079 385 1157 pertinent,
404 1079 630 1156 consignaverit,
648 1088 756 1153 tamen,
776 1081 801 1139 si
813 1082 1009 1159 Hermippum
1025 1103 1085 1141 non
1102 1091 1234 1143 extrema
1251 1094 1352 1146 aetate
1368 1088 1442 1148 vitas

153 1186 221 1246 illas
237 1187 444 1264 composuisse
456 1187 675 1260 crediderimus
693 1189 808 1247 eumad
821 1188 940 1247 illorum
952 1189 1043 1248 libros
1057 1209 1111 1249 sua
1124 1192 1323 1252 concinnasse
1336 1202 1441 1271 putare

153 1294 364 1359 dubitabimus,
392 1294 580 1372 Quamquam
596 1313 643 1353 me
659 1313 717 1353 non
735 1294 808 1370 fugit
824 1294 1049 1355 Eratosthenem
1067 1317 1183 1374 quoque
1199 1298 1438 1361 Callimacheum

153 1401 246 1461 fuisse
269 1409 297 1461 et
315 1401 352 1461 ‘in
367 1403 494 1478 regenda
510 1401 688 1461 bibliotheca
704 1400 904 1461 Alexandrina
922 1401 1104 1462 Callimacho
1122 1406 1315 1480 successisse,
1344 1429 1439 1485 neque

153 1517 232 1569 esset
245 1529 297 1568 cur
309 1509 488 1583 Aristonem,
507 1509 556 1586 qui
569 1508 634 1586 ipse
646 1489 763 1585 quoque
775 1509 1038 1586 Peripateticorum
1050 1511 1178 1570 familiae
1195 1512 1332 1572 addictus
1350 1522 1437 1587 esset,

155 1615 319 1695 Hermippo
333 1616 443 1695 scripta
456 1637 511 1676 sua
526 1616 723 1694 impertivisse
739 1617 808 1677 data
824 1636 914 1694 opera
926 1635 1073 1692 negarem,
1091 1617 1148 1677 nisi
1165 1619 1223 1678 alia
1238 1628 1366 1680 restaret
1384 1621 1436 1694 via,

154 1743 244 1800 quam
268 1732 299 1784 ut
322 1725 478 1800 ingrediar,
505 1725 638 1801 pluribus
662 1724 777 1784 indiciis
802 1743 900 1799 cogor.

260 1830 388 1907 Vestigia
411 1832 490 1891 enim
514 1840 658 1908 apparent
682 1832 835 1908 scriptoris
852 1831 1015 1906 cuiusdam,
1040 1832 1090 1908 qui
1106 1832 1180 1893 iuter
1196 1854 1308 1893 annum
1330 1839 1391 1896 181
1410 1845 1437 1896 ct

156 1937 237 1996 146a
254 1936 323 2002 Chr.
345 1958 373 1999 n.
391 1938 498 2011 floruit,
524 1946 551 1997 et
567 1939 831 2015 Peripateticorum
851 1939 998 1998 asseclam
1014 1938 1079 2016 ipse
1095 1960 1211 2018 quoque
1236 1962 1267 2000 sc
1292 1945 1436 2018 profitens

153 2043 364 2104 Demosthenis
388 2045 477 2105 vitam
501 2045 640 2106 condidit.

239 2151 336 2211 Nam
359 2153 459 2212 nescio
483 2172 541 2230 quo
558 2155 656 2213 favore
672 2155 807 2212 fortunae
822 2153 903 2230 Pspl.
923 2156 1014 2227 atra,
1040 2156 1089 2214 ubi
1106 2155 1179 2214 alios
1197 2155 1361 2232 scriptores
1379 2159 1435 2218 alia

152 2267 246 2317 morte
257 2258 488 2318 Demosthenem
500 2260 676 2320 occubuisse
692 2259 848 2319 tradidisse
864 2260 940 2320 mira
953 2263 1081 2338 quadam
1094 2263 1243 2337 diligentia
1256 2265 1434 2341 explicatur,

152 2365 308 2426 docemur:
340 2357 508 2444 Σάτυρος
541 2360 579 2422 δὲ
608 2358 623 2424 ὁ
654 2363 896 2448 συγγραφεὺς
920 2365 968 2424 τὸν
990 2357 1128 2449 κάλαμον
1150 2367 1384 2451 πεφαρμάχθαι,
1413 2364 1435 2450 ᾧ

151 2470 270 2554 γράφειν
291 2465 400 2552 ἤρξατο
423 2470 473 2554 τὴν
497 2464 659 2555 ἐπιστολήν,
683 2465 716 2531 οὖ
739 2473 916 2554 γευσάμενον
932 2467 1101 2535 ἀποθανεῖν.
1138 2477 1316 2536 Plutarchus
1335 2487 1435 2538 autem

152 2598 177 2638 c.
192 2582 232 2639 29
244 2580 321 2639 hauc
333 2580 535 2639 narrationem
548 2589 667 2640 secutus
679 2580 888 2658 copiosiusque
900 2581 1110 2658 interpretatus
1124 2603 1148 2643 c.
1163 2586 1201 2644 30
1216 2583 1345 2643 Aristo
1355 2605 1434 2644 nem

152 2687 216 2748 eius
240 2688 282 2748 rei
306 2697 413 2749 testem
436 2689 579 2749 nominat.
616 2689 699 2762 Quae
715 2710 784 2749 cum
800 2690 840 2749 ita
856 2690 924 2763 sint,
951 2690 1073 2767 Satyrus
1089 2690 1161 2764 ,sine
1177 2691 1266 2750 dubio
1282 2691 1435 2752 Aristonis

150 2796 273 2872 vestigia
297 2797 406 2874 pressit
430 2805 458 2856 et
482 2817 557 2874 quae
580 2797 627 2855 hic
650 2796 811 2856 tradiderat
834 2797 983 2873 adoptarit
1006 2805 1034 2856 et
1058 2797 1152 2856 fusius
1177 2799 1357 2874 explanavit.

257 2903 405 2976 Quoniam
421 2904 508 2978 igitur
521 2903 694 2982 scriptorem
707 2903 901 2980 repperimus
920 2904 969 2980 qui
982 2905 1141 2981 scriptores
1155 2913 1222 2982 post
1234 2905 1436 2983 Hermippum

149 3009 297 3084 florentes
322 3010 551 3070 Eratosthenem
563 3018 591 3070 et
606 3010 785 3084 Aristonem,
812 3011 981 3070 excussisse
1001 3012 1121 3085 videtur,
1148 3015 1235 3071 refert
1250 3014 1435 3086 examinare,

149 3138 222 3177 num
245 3118 405 3178 Plutarcho
429 3117 528 3194 aliqua
552 3136 583 3176 re
608 3137 640 3176 se
664 3118 912 3176 commendaverit
936 3118 1044 3177 etalio
1069 3119 1129 3178 iam
1153 3120 1218 3178 loco
1243 3120 1310 3178 usui
1336 3121 1435 3180 fuerit.

149 3224 214 3309 Qua
237 3225 267 3284 in
290 3245 322 3285 re
345 3226 505 3285 dolendum
530 3233 583 3299 est,
609 3227 687 3302 quod
711 3227 748 3285 ob
765 3225 944 3302 paucitatem
959 3227 1191 3300 fragmentorum
1208 3247 1314 3303 parum
1331 3228 1434 3305 liquet,

149 3332 245 3409 qualis
262 3332 357 3392 fuerit.
398 3332 456 3392 Sed
473 3333 660 3409 praedicatur
683 3331 746 3392 eius
763 3331 897 3391 doctrina
913 3333 950 3391 ab
966 3333 1146 3409 Hieronymo
1170 3336 1206 3394 de
1230 3334 1299 3393 viris
1324 3334 1434 3395 illustr.

148 3437 172 3497 ll
189 3441 252 3499 822
269 3440 327 3499 hoc
343 3440 447 3500 niodo:
473 3440 609 3499 Hortaris
633 3459 690 3513 me,
715 3448 748 3499 ut
768 3472 801 3480 ——
822 3440 1040 3499 ecclesiasticos
1058 3441 1218 3518 scriptores
1242 3441 1272 3500 in
1296 3441 1435 3502 ordinem

148 3546 279 3622 digeram
293 3555 321 3606 et
334 3550 412 3624 quod
424 3548 473 3607 ille
485 3547 514 3606 in
531 3545 739 3608 enumerandis
756 3546 907 3622 gentilium
924 3547 1076 3607 literarum
1093 3548 1161 3608 viris
1175 3549 1242 3608 fecit
1253 3549 1433 3624 illustribus,

147 3672 201 3728 ego
211 3654 241 3714 in
253 3655 364 3714 nostris
377 3655 485 3716 faciam
501 3703 507 3716 .
524 3702 530 3716 .
545 3703 552 3717 .
570 3656 701 3714 fecerunt
717 3653 836 3730 quidem
851 3654 908 3713 hoc
924 3653 1002 3713 idem
1018 3656 1097 3732 apud
1108 3655 1236 3715 Graecos
1247 3655 1433 3734 Hermippus

151 3761 373 3839 peripateticus,
402 3795 436 3804 —
466 3763 623 3839 Satyrus
646 3763 781 3820 doctus
805 3761 865 3820 vir.
895 3793 928 3800 —

254 3870 457 3948 Amplitudine
469 3877 568 3929 autem
580 3869 668 3928 huius
681 3868 757 3927 vitae
770 3859 847 3941 (Biot
857 3872 924 3925 τῶν
936 3859 1057 3934 ἐνδόξων
1070 3861 1193 3948 ἀνδρῶν)
1207 3869 1324 3929 fuerunt
1337 3878 1431 3946 tauta,

151 3976 253 4037 utiam
266 3978 438 4038 Heraclides
449 3978 588 4049 LembuS,
602 3976 691 4035 homo
705 3975 730 4034 ei
742 3975 940 4052 subaequalis,
954 3975 983 4034 in
995 3978 1202 4053 compendium
1213 3997 1263 4037 eas
1276 3979 1432 4053 redigeret.

147 4082 223 4156 Quid
239 4064 328 4145 vero?
355 4085 542 4158 Plutarchus
555 4083 605 4161 qui
619 4083 715 4160 Satyri
727 4102 876 4160 nusquam
889 4103 983 4160 neque
995 4083 1024 4142 iu
1037 4085 1245 4145 Demosthenis
1258 4086 1316 4144 vita
1333 4107 1432 4164 neque

146 4189 176 4250 in
200 4191 258 4252 alia
280 4193 339 4253 vita
363 4193 543 4253 mentionem
567 4192 644 4265 facit,
670 4212 738 4251 eum
762 4191 931 4252 excussisse
955 4192 1169 4252 existimandus
1194 4198 1258 4252 est?
1292 4193 1336 4252 Re
1360 4215 1431 4254 vera

50 4345 53 4351 .
146 4298 203 4358 hoc
219 4299 273 4359 fuit
289 4300 410 4361 omnino
421 4301 611 4379 antiquorum
629 4319 728 4359 rerum
740 4300 926 4376 scriptorum,
944 4299 1081 4378 inprimis
1094 4301 1244 4361 Plutarchi
1261 4302 1429 4378 proprium,

146 4425 214 4466 cum
231 4409 362 4469 diversos
379 4410 550 4470 adhiberent
566 4416 702 4470 auctores
719 4416 755 4481 et,
773 4428 848 4485 quae
861 4428 878 4466 a
889 4407 1012 4484 singulis
1026 4409 1131 4468 tradita
1148 4417 1255 4482 essent,
1274 4409 1429 4484 referrent,

146 4522 178 4575 ut
190 4515 273 4596 ipsos
285 4517 407 4578 laudare
419 4518 561 4592 solereut3
580 4517 631 4577 sed
644 4515 748 4591 eidem,
762 4535 830 4575 cum
842 4535 935 4575 unum
947 4517 1132 4595 eundemque
1144 4525 1295 4577 auctorem
1308 4519 1429 4596 longius
