3164 5182
683 341 986 441 ..235⁴

162 579 164 582 ,
252 524 290 587 At
313 528 390 604 quod
413 526 517 588 deiude
539 528 627 591 tradit
650 549 773 606 puerum
789 527 1017 588 Demosthenem
1034 524 1221 602 elegantioris
1246 533 1277 586 et
1300 524 1426 602 ingenuo

148 654 238 711 puero
269 635 374 710 dignae
404 636 577 713 disciplinae
608 644 757 715 expertem
785 635 947 709 rrransisse,
985 635 1141 696 rnauiiesto
1183 642 1332 712 repugnat
1362 655 1427 694 cum

148 742 229 802 [lem.
258 745 306 817 18,
334 747 395 803 257
420 745 519 818 (265).

254 849 329 923 Quid
359 851 426 911 inde
456 851 676 928 colligendum?
723 851 912 911 Plutarchum
938 850 993 910 hac
1017 848 1046 908 in
1076 868 1106 908 rc
1130 848 1219 908 alium
1244 849 1362 909 fontem
1387 869 1427 910 sc·

147 964 247 1015 cutum
271 977 346 1022 esse.

253 1065 296 1124 Re
312 1087 379 1126 vera
392 1067 520 1127 Aesch.
541 1071 568 1140 3,
584 1071 644 1129 255
660 1067 795 1127 similiter
812 1067 895 1127 dicit:
913 1063 985 1132 τίνες
1001 1055 1080 1145 ὑμῶν
1097 1055 1163 1122 εἰσιν
1179 1054 1206 1121 οἱ
1222 1060 1427 1146 βοηδησοντες

146 1161 345 1251 Δηγκοσδένει;
375 1172 494 1252 πότερον
518 1164 544 1230 oi
567 1174 776 1255 συγκυνηγέται
799 1165 818 1254 ἢ
842 1164 869 1231 oi
892 1169 1106 1251 συγγυμνασταὶ
1130 1162 1227 1235 αὐτου,
1258 1164 1302 1230 ὅτ’
1332 1167 1371 1254 ἡν
1401 1165 1428 1230 ὲν

147 1268 259 1358 ἡλικίης
284 1272 363 1337 ἀλλὰΙ
387 1279 429 1359 ρὰ
452 1279 499 1338 τὸν
522 1272 579 1338 Δία
602 1280 649 1339 τὸν
672 1273 843 1361 Ὀλυμπίαν,
875 1270 932 1360 οὐχ
955 1271 988 1346 ὃς
1012 1272 1131 1356 άγρίους
1153 1285 1330 1360 κυνηγετῶν.
1363 1272 1429 1338 ουδὲ

146 1390 198 1466 της
220 1392 269 1444 του
292 1387 429 1466 σώματος
451 1379 562 1455 εὐεξίας
584 1380 810 1469 έπιρελοίρενος
834 1382 1038 1450 διατετέλεκεν,
1063 1378 1130 1443 ἀλλ’
1153 1379 1291 1444 ἐπασκῶν
1321 1387 1430 1468 τέχνας

147 1484 193 1550 ἐπὶ
222 1491 289 1561 τοὺς
314 1494 366 1560 τὰς
399 1486 498 1562 οὐσίας
522 1496 719 1577 κεκτημένους
743 1497 839 1569 (videl.
864 1496 988 1567 tutores)
1017 1488 1220 1574 διαγεγένηται.
1267 1494 1363 1571 Atqui
1395 1516 1429 1554 ne

148 1601 255 1664 Acsclr.
281 1603 398 1680 quidem
428 1603 474 1662 his
496 1604 592 1663 verbis
613 1624 680 1664 eum
712 1604 819 1664 artium
842 1603 1006 1662 liberalium
1028 1603 1130 1660 rudem
1154 1601 1245 1661 luisse
1269 1601 1326 1674 ait,
1360 1602 1430 1678 quin

149 1709 236 1768 etiam
261 1710 399 1769 extremis
429 1709 524 1769 verbis
553 1711 733 1772 contrarium
759 1711 912 1786 significat.
961 1710 1038 1768 Num
1062 1709 1149 1784 igitur
1172 1710 1249 1768 Plut.
1275 1710 1314 1768 ad
1340 1709 1430 1781 vitam

149 1817 327 1892 peculiarem
352 1819 520 1894 confugisse
544 1819 677 1879 videtur?
716 1819 754 1879 Al
777 1818 898 1877 minime
922 1818 1053 1892 cogimur
1077 1818 1133 1875 hoc
1157 1816 1314 1893 suspicari,
1343 1819 1430 1876 modo

150 1932 319 1999 reputemus
350 1926 542 1986 Plutarchum
566 1946 655 2004 saepe
684 1946 737 1985 suo
767 1926 873 1986 iudicio
898 1925 985 1984 nimis
1009 1925 1154 1984 confisum
1178 1944 1224 1986 res
1249 1924 1379 2000 exiguas
1403 1924 1432 1984 in

150 2030 244 2089 maius
269 2031 397 2091 auxisse.
1102 2111 1104 2116 Ι

257 2138 355 2214 ltaque
372 2158 439 2197 cum
456 2159 497 2198 or.
516 2160 541 2199 c.
559 2140 675 2217 Aplroh.
694 2141 712 2212 l,
739 2140 784 2199 cui
810 2161 841 2200 se
866 2142 953 2216 paulo
978 2148 1064 2198 antea
1088 2138 1281 2211 adiunxerat,
1297 2139 1376 2200 haec
1394 2140 1434 2199 in·

150 2243 301 2304 veniamus
321 2247 336 2316 ἓ
355 2250 410 2305 45:
436 2237 510 2302 ὥστε
533 2264 560 2304 κ.
584 2244 651 2314 τοὺς
674 2242 872 2314 διδασκάλους
894 2244 961 2314 τοὺς
984 2243 1110 2326 μισθους
1133 2238 1327 2326 ἀπεστέρηκε,
1352 2248 1434 2307 Plut.

151 2349 233 2411 hacc.
259 2352 322 2411 sinc
345 2354 432 2412 dubio
457 2375 511 2413 suo
535 2355 654 2414 arbitrio
671 2356 880 2432 interpretatus
897 2362 957 2426 est,
982 2354 1058 2414 hauc
1074 2354 1102 2413 in
1121 2354 1298 2414 sententiam
1316 2362 1344 2414 et
1363 2376 1436 2415 voce

151 2451 249 2515 δοκεῖ
271 2461 466 2536 perducimur.

258 2568 381 2645 Reliqua
398 2589 433 2628 ex
450 2570 579 2630 Aesch.
599 2573 626 2642 3,
647 2574 707 2630 255
726 2572 855 2647 profecta
879 2590 945 2630 esse
968 2569 1124 2628 verisimile
1140 2576 1194 2632 est.
1228 2567 1315 2626 Unde
1332 2577 1437 2629 autem

152 2674 278 2750 primam
303 2696 433 2748 causam,
459 2697 511 2735 cur
528 2670 664 2744 Βάταλος
680 2686 801 2737 vocatus
819 2678 865 2750 sit,
890 2678 1030 2750 hauserit,
1056 2677 1148 2735 multo
1164 2675 1315 2734 dit'licilius
1334 2677 1437 2748 dictu;

151 2803 221 2842 narn
237 2783 352 2841 etiamsi
369 2805 416 2860 ap.
434 2784 541 2844 Aeseh.
560 2788 588 2856 2,
608 2787 647 2844 99
666 2776 711 2863 (ἐν
727 2782 845 2842 παισὶν
869 2777 912 2840 ὢν
935 2775 1054 2865 ἐκληδη
1078 2774 1113 2840 δι’
1136 2774 1350 2862 αἰσχρουργίαν
1375 2783 1439 2841 τινά

150 2887 201 2946 καί
223 2885 363 2946 κιναιδίαν
379 2882 528 2969 Βάταλος)
552 2893 704 2965 habemus
730 2913 765 2952 ex
787 2913 844 2969 quo
861 2892 932 2951 illud
949 2892 1046 2967 colligi
1063 2890 1165 2968 possit,
1191 2898 1289 2949 tamen
1316 2893 1439 2951 nullum

152 2999 241 3057 alium
267 2999 365 3057 lecum
381 2999 556 3074 investigare
573 3000 662 3077 potui,
688 3021 745 3077 quo
762 3020 829 3059 eum
845 3001 922 3059 hauc
939 3019 1056 3076 quoque
1072 2998 1234 3057 orationem
1251 3017 1397 3058 accura
1408 3007 1440 3058 te

152 3105 304 3165 excusisse
321 3107 476 3184 perspicue
492 3109 613 3167 eluceat.
649 3108 725 3166 Fieri
741 3108 828 3182 igitur
845 3115 949 3184 potest,
975 3115 1007 3165 ut
1031 3106 1060 3165 in
1084 3106 1175 3183 stirpe
1193 3105 1261 3163 talia
1277 3103 1439 3165 invenerit.

259 3213 390 3273 Alteram
416 3223 528 3298 partem
552 3215 640 3274 huius
665 3215 769 3292 capitis
793 3216 860 3273 inde
885 3236 901 3273 a
925 3214 1020 3273 verbis
1044 3205 1079 3293 ἦν
1103 3207 1135 3268 δὲ
1159 3203 1174 3268 δ
1194 3203 1336 3277 Βάταλος
1362 3254 1368 3267 .
1397 3256 1404 3268 .
1432 3261 1438 3272 ,

153 3319 271 3378 aliunde
293 3322 481 3398 desumptam
506 3342 572 3381 esse
588 3322 743 3397 intelleget,
773 3321 907 3398 quisquis
932 3319 1154 3397 comparaverit,
1180 3338 1271 3395 quam
1295 3337 1368 3377 cum
1396 3320 1441 3378 eis

153 3446 227 3502 qliae
252 3428 428 3486 antecedunt
453 3448 511 3487 non
528 3428 671 3487 concinat.
712 3428 750 3487 Ut
767 3430 901 3504 exetnplo
926 3435 1000 3499 utar,
1026 3427 1172 3503 ‹promodo
1197 3426 1284 3484 verba
1302 3418 1391 3482 δοκεῖ
1408 3421 1441 3484 δὲ

153 3545 180 3586 κ.
204 3536 259 3588 τῶν
283 3523 338 3589 ουκ
362 3524 509 3612 εὐπρεπῶν
532 3552 556 3591 τι
579 3530 727 3615 λεχθηναι
750 3538 799 3591 του
823 3534 959 3613 σώματος
983 3531 1091 3612 μορίων
1114 3529 1195 3609 παρὰ
1210 3533 1269 3596 τοῖς
1285 3521 1442 3599 Ἀττικοῖς

152 3638 215 3696 τότε
238 3634 398 3698 καλεῖσθαι
421 3637 550 3718 βάταλος
573 3663 641 3702 cum
665 3663 755 3703 causa
777 3645 864 3719 paulo
882 3651 948 3702 ante
965 3643 1079 3718 prolata
1095 3638 1280 3698 conveniunt.
1322 3640 1442 3699 Deinde

154 3746 261 3805 mirum
285 3769 373 3824 quam
398 3749 496 3826 inepte
520 3758 547 3808 et
571 3751 745 3809 inconcinne
768 3750 815 3808 his
840 3749 970 3808 minutiis
993 3749 1177 3824 perturbetur
1193 3765 1292 3804 rerum
1309 3748 1386 3805 ordo
1405 3723 1466 3806 acl

154 3857 253 3915 series.
288 3855 368 3929 Quas
392 3856 583 3915 Plutarchum
600 3857 717 3934 quidem
733 3877 791 3916 non
808 3857 936 3932 undique
962 3851 1117 3929 collegisse
1142 3853 1207 3930 quis
1229 3853 1336 3926 negetl
1374 3853 1441 3913 lino

153 3983 220 4023 vero
236 3963 358 4022 incurrit
374 3963 403 4022 in
421 3971 548 4023 mentem
564 3965 668 4024 doctus
680 3965 768 4023 homo
781 3964 896 4040 generis
909 3961 1184 4032 Alexandrinorum,
1203 3959 1442 4020 scholiastarum

154 4091 235 4130 more
259 4071 287 4129 id
311 4053 469 4145 agentium,
494 4079 525 4130 ut
550 4072 637 4132 alicui
660 4073 725 4131 loco
749 4072 873 4132 alicuius
899 4069 1051 4147 scriptoris
1077 4088 1165 4144 quam
1189 4066 1360 4126 clarissima
1386 4069 1442 4128 lux

154 4180 361 4239 effunderetur.
395 4179 438 4237 lle
453 4199 521 4238 vera
537 4180 610 4238 haec
626 4180 756 4256 suspicio
782 4181 972 4238 confirmatur
996 4175 1174 4253 comparatis
1200 4172 1332 4246 scholiis,
1360 4195 1443 4252 quae

155 4287 217 4346 cod.
236 4285 460 4361 antiquissimus
477 4286 633 4345 Aeschinis
650 4286 785 4358 oratoris,
811 4268 1010 4345 Coislinianus
1027 4286 1056 4355 f,
1083 4302 1169 4359 quem
1185 4281 1220 4339 X.
1239 4280 1353 4339 saeculi
1370 4302 1444 4342 esse

157 4400 269 4471 putant,
296 4393 415 4467 praebet
439 4395 475 4451 ad
499 4395 596 4452 locum
623 4396 650 4465 1,
678 4396 749 4465 126,
776 4393 825 4451 ubi
848 4413 904 4451 vox
921 4383 1059 4455 Βάταλος
1078 4388 1110 4448 'et
1128 4392 1156 4460 2,
1175 4390 1226 4459 99,
1244 4387 1294 4445 uhi
1309 4377 1443 4466 Ἀργᾶς,

155 4521 297 4580 quorsum
322 4519 454 4580 quaeque
479 4508 600 4577 spectet,
633 4501 735 4561 eodem
760 4502 818 4561 lere
843 4519 899 4580 quo
924 4500 1002 4579 apud
1026 4498 1102 4558 Plut.
1128 4494 1229 4554 ordine
1252 4493 1441 4572 explicatur:
