3164 5182
683 356 884 424 ..g-

159 570 160 574 ¹
252 538 290 604 At
306 537 382 605 falsa
397 543 639 621 interpretatione
656 544 821 615 verborum,
846 560 923 620 quae
938 540 1027 601 modo
1044 539 1137 613 attuli,
1162 539 1366 600 diversitatem
1388 537 1429 598 in·

144 652 272 727 dagasse
295 671 329 711 se
351 651 460 724 credit;
485 651 693 728 interpretatur
715 651 794 710 enim
817 650 876 709 nisi
899 650 985 709 fallor
1009 649 1185 726 particulam
1205 639 1269 706 ἐπεὶ
1286 667 1327 700 =
1346 668 1427 720 narn,

146 766 175 819 et
197 759 286 818 verba
301 763 341 836 τῷ
358 753 411 836 βίῳ
427 752 568 839 παρῆλθε
586 776 626 810 =
644 766 795 834 superstes
810 757 979 835 aequalium
995 764 1147 816 oratorum
1163 765 1234 825 erat,
1258 776 1293 815 eo
1308 755 1429 815 facilius

147 865 177 926 in
201 884 333 925 errorem
355 867 472 937 ductuS,
497 867 575 942 quod
599 865 628 925 in
653 885 718 943 cap.
745 868 784 926 13
809 873 838 925 et
863 866 902 925 14
926 884 974 924 res
998 864 1153 924 continuas
1176 864 1277 923 referri
1301 883 1363 922 non
1387 862 1430 921 in·

147 971 268 1032 tellexit.
305 972 363 1032 Sed
387 992 480 1032 nexus
505 971 719 1032 sententiarum
735 992 759 1032 c.
780 975 819 1035 13
837 979 909 1032 extr.
928 992 953 1031 c.
974 972 1013 1032 14
1030 970 1092 1030 init.
1110 970 1158 1030 hic
1182 978 1239 1030 est:
1264 971 1428 1030 Panaetius

145 1078 225 1140 laudi
241 1079 343 1140 tribuit
357 1079 558 1152 Demostheni,
583 1081 662 1156 quod
685 1080 748 1140 eius
772 1079 920 1139 orationes
943 1080 983 1139 ita
1000 1080 1156 1155 pleraeque
1172 1079 1300 1154 scriptae
1315 1084 1429 1150 essent,

148 1194 180 1248 ut
204 1187 300 1247 solam
323 1207 376 1263 per
405 1207 438 1247 se
465 1187 650 1248 honestatem
674 1189 868 1264 expetendam
896 1207 963 1246 esse
991 1206 1059 1246 eum
1082 1186 1235 1246 censuisse
1259 1192 1429 1262 appareret,

149 1311 277 1370 eumque
300 1301 329 1353 et
352 1293 464 1353 civibus
489 1293 551 1353 suis
574 1294 749 1370 antecellere
764 1294 913 1354 iubentem
930 1314 980 1354 eos
996 1294 1143 1354 honestati
1160 1301 1188 1353 et
1204 1293 1301 1353 decori
1319 1293 1431 1353 securi-

147 1408 239 1461 tatem
255 1400 442 1477 salutemque
458 1409 644 1478 postponere.
682 1401 736 1461 Cui
752 1410 995 1478 argumentorum
1009 1401 1206 1478 praestantiae
1217 1409 1246 1461 et
1258 1402 1431 1460 orationum

148 1506 294 1567 nobilitati
318 1505 343 1566 si
367 1507 507 1567 fortitudo
531 1526 648 1584 quoque
677 1509 784 1568 bellica
813 1508 902 1586 inque
926 1511 1039 1586 agendo
1062 1509 1214 1584 integritas
1239 1509 1429 1580 accessisset,

150 1634 218 1674 eum
242 1633 302 1674 non
325 1613 356 1674 in
377 1632 503 1674 numero
527 1615 705 1691 aequalium,
732 1617 781 1675 sed
806 1616 835 1677 in
860 1616 1012 1694 superiore
1023 1617 1089 1675 loco
1105 1635 1173 1674 cum
1190 1615 1322 1687 Cimone,
1350 1608 1432 1673 Th'u·

146 1720 257 1798 oydide,
289 1721 403 1781 Pericle
425 1722 633 1782 collocandum
656 1721 758 1782 luisse.
805 1723 903 1801 Atque
926 1723 1108 1782 Phocionem
1132 1723 1251 1798 quidem
1274 1723 1332 1781 his
1348 1722 1432 1782 nobi-

147 1827 272 1889 lissimis
289 1828 409 1888 Graecis
430 1828 545 1888 virtutis
569 1828 657 1889 laude
680 1849 739 1888 nou
764 1832 875 1903 cedere,
900 1830 1130 1891 Demosthenem
1155 1838 1253 1890 autem
1276 1850 1377 1906 neque
1399 1830 1432 1888 in

147 1935 239 1996 armis
263 1935 335 1994 satis
359 1936 518 1995 laudatum
536 1956 631 2012 neque
655 1937 795 1996 adversus
819 1939 1003 2015 corruptelas
1028 1958 1184 1997 munerum
1207 1938 1280 1996 satis
1298 1937 1432 2013 undique

148 2041 306 2116 munitum,
330 2042 516 2119 praeclarum
541 2043 660 2120 quidem
684 2044 867 2104 laudatorem
890 2043 1039 2117 virtutum,
1070 2045 1177 2121 quibus
1202 2044 1330 2103 maiores
1356 2043 1431 2102 clari

148 2149 217 2209 lacti
240 2156 350 2221 esseut,
375 2149 477 2222 luisse,
503 2151 553 2209 sed
575 2170 625 2210 eas
642 2149 784 2211 imitando
800 2152 871 2211 nihil
889 2151 1026 2212 valuisse.
1066 2151 1144 2211 Tum
1161 2151 1267 2228 pergit:
1293 2150 1432 2222 Quam·

148 2275 257 2334 quam
280 2256 437 2329 (ceterum)
450 2256 500 2330 (cl.
517 2255 716 2333 Wyttenbach
732 2260 788 2318 lex.
802 2259 892 2331 Plut.)
910 2260 1083 2336 aequales
1107 2265 1285 2318 oratores
1311 2257 1433 2331 (Phoci-

147 2384 236 2425 onem
258 2362 387 2440 excipio)
408 2363 509 2424 vitae
524 2382 675 2441 quoque
691 2366 804 2426 laude
819 2366 927 2439 vicit,
953 2367 1014 2426 sive
1029 2374 1060 2425 ut
1077 2365 1212 2443 pluribus
1230 2365 1324 2424 verbis
1342 2365 1434 2424 inter·

148 2478 258 2550 preter:
282 2490 343 2531 non
360 2470 458 2530 solum
473 2471 656 2533 orationibus
673 2473 712 2545 (o.
732 2475 770 2533 13
789 2473 875 2545 extr.)
900 2473 1072 2550 aequalibus
1090 2472 1244 2550 praestitit,
1270 2472 1435 2532 sedetiam

147 2578 215 2638 rita.
251 2577 387 2651 Quocum
402 2577 517 2654 egregie
533 2578 718 2651 conveniunt,
744 2599 820 2656 quae
842 2581 880 2639 ab
901 2579 966 2639 aliis
990 2580 1185 2656 scriptoribus
1201 2581 1237 2638 de
1253 2579 1435 2656 aequalibus

148 2684 316 2746 oratoribus
344 2695 624 2746 commemorantur.
673 2686 749 2762 Ergo
781 2687 837 2745 hoc
867 2688 932 2746 loco
960 2687 1114 2748 diversitas
1143 2686 1241 2746 iudicii
1265 2692 1311 2745 est
1334 2687 1433 2745 nulla.

149 2792 253 2870 Neque
262 2791 401 2868 intellego
413 2793 559 2869 equidem,
573 2794 721 2870 quomodo
731 2813 835 2854 voces:
849 2785 923 2851 ὥστε
934 2790 1157 2872 depanebecdar
1168 2784 1224 2852 tra
1236 2797 1286 2850 roo
1297 2787 1435 2872 μεγάλοι)

148 2893 292 2977 βασιλέως
313 2918 338 2960 c.
358 2903 399 2962 12
416 2907 444 2960 et
465 2905 506 2977 ro
527 2893 553 2956 δ’
578 2893 694 2957 ἄνωθεν
714 2891 749 2956 ἐκ
764 2892 881 2958 todoat
903 2915 931 2958 κ.
949 2893 1137 2978 Ἐκβατάνων
1159 2893 1294 2977 ἐπιβατὸς
1316 2891 1437 2979 χρυσίῳ

148 3021 176 3064 κ
199 2999 480 3086 κατακεκλυσμένος
502 3026 527 3067 c.
555 3003 595 3070 14
619 3008 693 3067 inter
717 3028 749 3067 se
772 3016 936 3086 repugnent
960 3009 1089 3085 (Roesig.
1115 3029 1142 3086 p.
1169 3008 1233 3079 41).

256 3112 342 3173 Nunc
372 3113 462 3174 etiam
490 3114 585 3190 magis
615 3115 805 3192 perspicuum
829 3136 895 3176 esse
919 3123 990 3192 puto
1024 3136 1084 3175 non
1113 3114 1257 3191 Magnetis
1285 3113 1335 3172 ill0
1368 3116 1436 3175 loco

150 3219 356 3281 testimonium
379 3220 486 3288 afferri,
510 3223 562 3281 sed
585 3221 648 3282 eius
674 3223 722 3299 qui
747 3222 938 3283 Demostheni
962 3221 1095 3299 aequalis
1118 3231 1188 3294 erat,
1214 3221 1358 3292 Phalerei,
1386 3223 1436 3281 cui

152 3327 316 3389 sententiae
339 3321 531 3388 Schaelerum
555 3349 674 3405 quoque
697 3329 834 3389 assentiri
858 3329 941 3389 video
966 3330 1062 3404 (Dem.
1087 3349 1116 3392 u.
1135 3349 1159 3392 s.
1177 3329 1207 3389 Z.
1227 3329 1261 3388 lll
1287 3331 1313 3400 1,
1343 3331 1434 3400 135).

255 3436 357 3513 ltaque
380 3436 521 3513 quoniam
547 3437 690 3514 probasse
714 3457 761 3497 me
785 3439 882 3509 credo,
913 3436 969 3497 hoc
998 3455 1087 3513 quem
1115 3444 1276 3497 tractamus
1304 3437 1373 3495 loeo
1397 3439 1436 3496 dc

148 3543 283 3618 Magnete
307 3543 430 3619 cogitari
452 3563 511 3604 non
536 3564 634 3621 posse,
660 3551 688 3604 et
710 3552 823 3604 tantum
840 3545 954 3617 abesse,
979 3551 1011 3603 ut
1026 3543 1102 3604 Plut.
1128 3564 1231 3602 secum
1254 3552 1375 3620 pugnet,
1402 3553 1436 3603 ut

149 3657 254 3710 contra
282 3658 455 3726 argumento
487 3671 540 3727 par
568 3651 615 3723 sit,
649 3653 842 3727 supersedere
870 3671 995 3728 possum
1023 3670 1114 3727 opera
1143 3650 1311 3727 explicandi
1343 3653 1436 3711 verba

149 3756 190 3831 (c.
217 3758 257 3818 27
281 3758 369 3830 extr.)
394 3765 472 3817 certe
496 3778 531 3817 ex
555 3758 690 3833 Magnete
712 3759 870 3834 desumpta
893 3757 1121 3829 benevolentiae,
1154 3777 1213 3816 non
1237 3757 1435 3832 malignitatis

150 3865 293 3924 adversus
310 3864 540 3924 Demosthenem
565 3863 649 3938 signa
669 3884 740 3941 prae
763 3885 795 3924 se
818 3866 902 3924 ferre.
938 3864 1035 3941 Atque
1059 3885 1126 3923 cum
1150 3886 1185 3924 ex
1210 3864 1331 3940 reliquis
1357 3865 1435 3924 locis

150 3966 175 4031 c.
195 3973 234 4032 15
253 3970 296 4044 [et
313 3971 367 4044 30]
383 3970 456 4030 nihil
480 3972 518 4030 ad
541 3971 618 4030 hanc
634 3991 698 4030 rem
715 3971 914 4048 proficiamus,
941 3973 1022 4031 nullo
1045 3973 1110 4031 loco
1133 3972 1269 4031 simultas
1285 3972 1436 4045 Magnetis

150 4079 293 4138 adversus
315 4077 546 4138 Demosthenem
570 4073 732 4154 apparet¹)‚
757 4077 968 4155 Roesigerique
991 4079 1136 4138 sententia
1159 4077 1306 4138 reicienda
1329 4086 1386 4138 est.

257 4248 281 4317 ¹)
300 4250 412 4304 Accedit
435 4251 507 4319 quod
528 4250 662 4315 Panaetii,
690 4269 773 4320 quam
799 4269 820 4305 c.
843 4251 874 4304 13
894 4251 979 4317 affert,
1004 4250 1145 4314 sententia,
1173 4249 1196 4303 si
1219 4251 1290 4318 apud
1311 4251 1436 4307 Demetr.

98 4369 101 4373 ·
151 4338 239 4408 Magn.
258 4339 421 4394 Plutarchus
440 4356 500 4393 eam
518 4339 672 4405 invenisset,
700 4341 773 4409 quod
793 4341 903 4409 quidem
921 4341 1067 4410 Roesigero
1087 4339 1200 4405 videtur,
1226 4341 1300 4392 hunc
1319 4357 1436 4396 monere

151 4426 250 4497 potuit,
266 4433 297 4484 ut
316 4429 392 4482 illam
411 4428 556 4483 simultatis
575 4428 733 4498 opinionem
753 4430 843 4482 valere
860 4430 980 4498 juberem
999 4447 1064 4483 nam
1083 4431 1146 4499 quid
1167 4429 1255 4489 maius
1275 4429 1303 4481 in
1323 4429 1436 4492 laudem

151 4517 343 4582 Demosthenis
363 4517 416 4572 dici
436 4523 533 4597 potest,
553 4535 636 4597 quam
656 4520 729 4596 quod
749 4518 895 4580 Panaetius
913 4517 1090 4597 pronuntiat?
