3164 5182
599 371 814 439 ..πῃ-

107 559 137 618 3.
159 551 319 635 παρελθὼν
339 555 427 637 μόνος
447 549 677 640 όΔημοοβένης
776 559 805 618 3.
831 539 991 635 παρελόὼν
1009 546 1092 614 ἐἷπον
1117 587 1156 597 -·
1181 551 1271 635 μόνος
1286 560 1341 613 τῶν

730 658 871 739 λεγόντων
900 660 952 722 καὶ
982 658 1210 742 πολιτευομένων
1240 663 1341 735 (173).

106 764 676 853 anteponereturappatuit-potat·
775 763 920 831 4.-ε1τα
930 767 1117 850 perstatim
1125 766 1177 827 ani
1186 767 1344 852 pedandae

729 878 841 945 πάντας
862 869 934 957 ὑπὲρ
959 871 1096 959 Θηβαίων
1121 879 1211 952 (177)

107 991 136 1047 5.
160 1001 188 1041 ν.
212 977 308 1043 τᾶλλα
324 976 557 1064 παραθαρῤόνας
577 1001 605 1043 ν.
622 1002 675 1066 με·
775 991 803 1049 5.
827 992 940 1065 πρῶτον
968 983 1020 1065 μὲν
1043 983 1091 1042 τόν
1113 984 1245 1063 παρόντα
1268 976 1342 1043 ἐπα-

58 1091 212 1172 τεωρίοας,
240 1083 338 1170 ὥσπερ
368 1084 476 1161 εἰώθει,
506 1090 553 1150 τόν
583 1087 675 1174 δῆμον
728 1097 815 1150 νεῖναι
837 1089 927 1175 φόβον
955 1126 988 1133 -
1017 1093 1107 1167 (177)

109 1205 138 1264 6.
148 1193 299 1278 ἀπεστάλη
308 1191 675 1280 πρεσβε11τὴςμεθ’ἑτέρων
775 1206 804 1263 6.
829 1201 957 1260 conssata
980 1220 1016 1260 ex
1041 1201 1056 1271 ἓ
1084 1201 1144 1260 178
1169 1207 1197 1258 et
1223 1201 1294 1262 179.

57 1298 101 1374 εἰς
125 1301 228 1388 Θήβας

179 1415 264 1473 Tune
293 1415 477 1490 Marsyam
506 1421 612 1473 testem
643 1415 821 1491 assumpsit;
850 1434 902 1472 cur
930 1412 1159 1473 Demosthenem
1191 1413 1341 1473 deseruit?

57 1521 193 1580 Primum
216 1523 252 1581 de
274 1520 377 1595 legatis
398 1520 508 1588 Thebis
538 1520 593 1580 sibi
619 1521 765 1580 oblocutis
789 1521 942 1581 Demosth.
963 1520 1035 1579 nihil
1054 1521 1111 1579 nisi
1128 1520 1200 1580 haee
1221 1522 1342 1596 praebet

56 1630 145 1699 §211
158 1651 163 1687 :
176 1619 216 1694 ὡς
233 1626 289 1705 γὰρ
302 1618 463 1707 ἀφικόμεθ’
479 1617 520 1692 εἰς
538 1625 591 1692 τὰς
600 1620 711 1707 Θήβας,
725 1621 987 1707 κατελαμβάνομεν
993 1618 1143 1684 <hminem
1153 1641 1180 1685 ν.
1187 1619 1341 1684 Θετταλῶν

57 1749 86 1790 κ.
104 1740 171 1790 τῶν
187 1727 314 1791 ἄλλων
330 1733 544 1814 συμμάχων
560 1733 706 1811 παρόντας
721 1731 854 1813 πρέσβεις
869 1751 897 1791 ν..
916 1732 983 1801 τοὺς
999 1733 1052 1815 μὲν
1066 1720 1227 1816 ἡμετέροος
1238 1726 1341 1816 φίλους

57 1834 88 1899 ἐν
100 1838 191 1922 φόβῳ·
207 1842 337 1912 (11111111οὲ
355 1844 426 1914 213,
445 1843 603 1902 Thebanos
621 1843 796 1902 adversariis
810 1849 985 1920 potestatem
997 1844 1085 1902 verba
1099 1842 1223 1902 faciendi
1236 1841 1340 1919 primis

57 1949 176 2008 dedisse
192 1949 317 2008 breviter
333 1958 555 2009 commemorat.
594 1951 694 2027 ltaque
711 1952 747 2009 ad
764 1950 853 2010 alium
872 1951 1018 2026 confugit3
1035 1950 1148 2009 aceedit
1171 1951 1250 2026 quod
1266 1949 1340 2010 Mar·

58 2077 129 2133 syas
154 2075 221 2144 eum
245 2057 445 2116 Demosthene
468 2057 614 2118 concinna
638 2059 749 2118 habuit.

165 2163 266 2222 Altera
282 2182 373 2222 causa
389 2163 455 2222 inde
472 2167 630 2242 repetenda
647 2174 700 2239 est,
718 2167 796 2242 quod
813 2167 896 2225 Dem.
914 2167 950 2224 de
966 2164 1098 2224 oratione
1111 2163 1221 2224 Thebis
1238 2163 1339 2224 habita

56 2291 117 2330 non
146 2270 202 2329 nisi
230 2271 260 2329 in
288 2270 459 2330 universum
488 2272 626 2348 exposuit
650 2275 665 2343 ἓ
694 2275 752 2332 179
779 2280 807 2331 et
830 2275 845 2343 ἓ
872 2275 936 2332 214
960 2280 988 2332 et
1013 2274 1075 2334 215
1100 2263 1160 2351 (ἵνα
1183 2263 1234 2328 τάν
1257 2270 1338 2350 μέσῳ

54 2371 243 2454 παραλείπω)
269 2376 466 2453 continuoque
490 2379 527 2436 ad
550 2378 662 2437 bellum
680 2380 716 2438 ad
733 2379 807 2438 fines
823 2379 963 2437 Boeotiae
979 2386 1094 2453 gestum
1111 2378 1236 2438 transiit.
1273 2379 1338 2438 Hoc

57 2484 128 2559 legit
153 2485 240 2544 etiam
265 2484 458 2544 Plutarchus:
485 2485 555 2561 quid
579 2486 689 2544 mirum
712 2487 791 2562 quod
816 2486 862 2544 sui
886 2485 943 2545 sibi
967 2486 1105 2546 conscius
1128 2485 1227 2545 iudicii
1244 2485 1338 2545 Theo·

57 2611 201 2668 pompum
227 2591 308 2650 hisce
332 2592 367 2650 de
390 2593 478 2650 rebus
495 2592 634 2669 inspexit,
659 2600 687 2652 et
703 2592 802 2670 ipsum
820 2592 1046 2652 admirationem
1063 2612 1132 2668 erga
1147 2593 1226 2652 hune
1244 2593 1337 2653 virum

55 2700 105 2758 vix
136 2701 295 2772 celantem,
326 2701 460 2775 quamvis
484 2702 588 2760 acerbe
612 2702 647 2760 de
671 2721 705 2759 eo
730 2700 826 2778 capite
850 2709 981 2760 extremo
1008 2701 1151 2761 detrahat.
1199 2701 1337 2760 Ceterum

55 2806 248 2884 perspicuum
257 2808 704 2868 documentumPlutarchumin
712 2810 800 2868 rebus
809 2808 956 2868 Doeoticis
969 2809 1043 2867 duos
1057 2810 1152 2868 fontes
1166 2808 1337 2868 adhibuisse

55 2923 85 2974 et
102 2915 249 2973 conflasse
265 2947 299 2955 -
317 2916 443 2974 alterum
460 2915 525 2974 dico
535 2917 765 2976 Demosthenem
782 2918 908 2975 alterum
920 2916 1148 2993 Theopompum
1162 2947 1201 2956 -
1213 2915 1338 2976 efficitur

54 3021 113 3081 nisi
131 3022 216 3080 fallor
229 3023 409 3098 comparatis
422 3042 486 3098 cap.
503 3026 542 3083 17
556 3024 695 3083 extremis
712 3023 807 3083 verbis
823 3024 928 3100 iisque,
945 3043 1020 3101 quae
1033 3023 1220 3100 Theopompi
1229 3043 1339 3083 nomen

57 3128 192 3205 proxime
217 3131 407 3206 praecedunt:
433 3122 468 3209 ἧν
493 3122 517 3186 δ’
539 3121 573 3188 ot
595 3121 750 3209 ῥᾴδιον-
768 3135 831 3197 ταῖς
853 3126 969 3188 πόλεσιν
993 3132 1046 3203 (17
1068 3130 1156 3204 extr.)
1180 3140 1208 3192 et
1230 3129 1262 3188 τό
1287 3129 1338 3210 μὲν

53 3228 105 3293 οὖν
129 3235 276 3316 συμφέρον
301 3269 341 3276 -
365 3235 439 3314 πρὸς
462 3235 494 3293 τό
517 3232 611 3295 καλόν
635 3239 673 3310 (e.
700 3241 740 3301 18
765 3239 854 3311 med).

163 3344 239 3415 Quid
263 3345 362 3404 enim?
398 3344 530 3403 Primum
547 3346 623 3408 Plut.
643 3347 768 3422 probare
792 3347 889 3405 studet
912 3346 1152 3419 Demosthenem,
1178 3365 1244 3404 cum
1264 3346 1338 3404 The·

54 3453 151 3510 banos
164 3452 201 3510 ad
210 3452 381 3510 societatem
391 3451 547 3528 pelliceret,
558 3473 634 3530 opus
642 3453 850 3513 difficillimum
861 3453 997 3513 molitum
1005 3474 1080 3526 esse,
1095 3455 1173 3530 quod
1182 3453 1337 3529 Philippus

54 3557 140 3615 noris
163 3557 218 3616 hos
243 3559 393 3617 beneficiis
418 3559 474 3617 sibi
497 3560 677 3619 devinxisset
700 3568 728 3620 et
752 3569 874 3638 propter
898 3568 1056 3638 perpetuas
1080 3560 1146 3619 illas
1172 3560 1337 3619 simultates

54 3684 126 3740 spes
151 3664 262 3739 gratiae
285 3666 527 3739 redintegrandae
556 3667 679 3726 minima
709 3668 822 3727 fuisset.
860 3668 970 3727 Contra
994 3687 1019 3726 e.
1048 3669 1086 3727 18
1114 3667 1238 3742 legimus
1262 3667 1337 3726 The·

52 3774 150 3831 hanos
164 3773 198 3830 ad
212 3771 406 3830 delectionem
419 3773 536 3832 trahere
549 3774 656 3832 idcireo
669 3782 730 3833 tam
741 3775 859 3834 difficile
871 3775 972 3848 luisse,
990 3776 1068 3852 quod
1085 3774 1223 3834 omnibus
1240 3783 1336 3833 metus

53 3879 123 3938 novi
140 3885 167 3936 et
184 3879 304 3937 maioris
321 3879 389 3937 belli
408 3881 445 3938 ob
462 3881 564 3939 oculos
582 3889 716 3940 versatus
732 3890 811 3941 esset
827 3889 863 3954 et,
889 3889 986 3941 utrum
1005 3881 1160 3940 utilitatem
1178 3902 1214 3940 an
1232 3881 1337 3939 hones·

53 3993 147 4045 tatem
170 3986 265 4059 magis
289 3986 479 4062 respicerent,
505 3987 554 4046 diu
578 3988 801 4048 dubitavissent.
838 3989 1027 4048 Manifestum
1044 3989 1191 4064 igiturest
1212 3987 1336 4047 diversis

49 4092 250 4169 'scriptoribus
274 4093 468 4156 Plutarchum
497 4114 584 4154 aures
616 4096 789 4171 praebuisse
817 4116 912 4172 neque
936 4096 1106 4155 dubitamus
1129 4096 1215 4155 illum
1237 4096 1335 4154 locum

52 4200 257 4272 Demostheni,
284 4200 334 4276 qui
358 4203 373 4272 ἕ
401 4203 462 4262 113
488 4202 599 4273 eadem,
632 4221 708 4277 quae
731 4202 807 4261 Plut.
832 4202 912 4277 dicit,
943 4201 1037 4276 tangit
1060 4201 1226 4274 legatorum
1248 4202 1336 4260 verba

52 4307 135 4368 brevi
160 4307 371 4385 perstringens
398 4309 534 4380 tribuere,
567 4328 636 4367 eum
660 4308 727 4366 inde
752 4328 841 4384 parra
864 4328 954 4384 opera
977 4308 1137 4382 imaginem
1160 4326 1259 4367 rerum
1282 4308 1336 4366 Dc·

53 4415 205 4475 mostlreni
222 4415 404 4474 obstantium
420 4423 520 4474 mente
536 4416 692 4492 concipere
708 4423 817 4491 posset.
855 4415 949 4487 (Dein.
971 4417 1019 4487 18,
1040 4419 1117 4476 213:
1135 4410 1336 4493 παρελθόντες

52 4522 156 4605 (legati
180 4522 323 4601 Philippi)
352 4555 386 4563 —
413 4520 446 4579 τό
470 4514 495 4579 δ’
519 4514 568 4580 οὖν
590 4517 753 4610 κεφάλαιον
784 4517 815 4603 1)
838 4514 936 4609 ν’,ξίοον
959 4514 999 4581 ὧν
1022 4521 1074 4609 μὲν
1097 4513 1137 4584 εὖ.
1152 4518 1337 4583 πεπόνθεσαν
