3164 5182
501 361 504 366 ,
612 356 855 436 ..-11„.·

85 549 240 631 Hermippi
269 551 357 614 vitam
383 551 592 614 Demosthenis
621 551 668 613 hic
693 553 730 613 ob
754 555 856 614 oculos
884 551 1026 614 habuisse
1052 538 1239 614 existimem’
1268 547 1365 622 Quem

87 661 264 722 sententiam
280 661 312 722 C.
330 661 435 721 Mtiller
452 663 500 736 (fr.
517 663 546 722 h.
564 663 614 725 Gr.
631 663 668 721 lll
686 662 738 731 50)
762 665 888 739 probare
902 662 1024 721 videtur.
1050 660 1247 737 Hermippum
1270 658 1366 719 virum

86 768 165 828 circa
177 789 295 829 omnem
309 770 467 830 historiam
478 770 648 846 diligentem
658 770 750 831 fuisse
762 773 796 830 sr.
810 773 861 842 21,
878 777 1016 830 accurate
1026 770 1054 828 in
1069 770 1164 829 fontes
1177 765 1367 843 inquisivisse
1435 813 1447 837 ,

87 877 120 936 t'r.
140 882 179 939 58
197 880 347 940 docemur.
386 877 429 937 Ac
450 898 481 938 re
502 898 578 952 vera,
602 887 746 956 quantum
770 899 837 938 eum
860 877 1007 948 novimus,
1032 876 1104 936 nihil
1121 876 1200 951 quod
1216 875 1253 935 ad
1270 892 1365 945 suam,

87 1006 178 1063 quam
201 993 381 1047 tractaturus
405 993 476 1058 erat,
502 987 657 1046 materiam
681 987 821 1047 traditum
845 993 932 1058 esset,
958 987 995 1044 ab
1012 1004 1046 1044 eo
1070 990 1121 1043 aut
1146 981 1291 1043 omissum
1316 988 1367 1040 aut

87 1102 219 1171 spretum
243 1101 304 1166 est,
336 1113 394 1170 quo
418 1093 529 1154 facturn
553 1102 607 1167 est,
636 1103 668 1154 ut
691 1094 802 1172 posteri
826 1093 905 1153 circa
919 1112 1033 1168 agrum
1056 1093 1095 1150 ab
1116 1091 1173 1149 hoc
1196 1090 1366 1149 demessum

86 1201 134 1262 vix
158 1201 317 1278 quicquam
339 1201 406 1260 nori
429 1197 679 1277 investigarent.¹)
716 1201 791 1261 Cum
815 1208 914 1261 autem
930 1201 1005 1260 Plut.
1031 1219 1056 1259 c.
1076 1204 1093 1261 5
1118 1197 1248 1276 primum
1271 1197 1368 1257 tradat

88 1309 319 1369 Demosthenem
336 1309 506 1369 Callistrato
530 1309 629 1369 audito
654 1309 758 1369 ceteris
775 1308 939 1386 disciplinis
963 1307 1072 1367 relictis
1095 1304 1312 1366 declamitando
1337 1323 1369 1363 se

88 1416 266 1488 exercuisse,
291 1423 355 1475 tum
379 1416 464 1495 quasi
488 1416 516 1474 in
540 1424 712 1476 transcursu
730 1436 794 1492 cap.
814 1422 831 1477 5
849 1423 921 1475 extr.
939 1415 1047 1474 adiciat
1069 1421 1189 1474 auctore
1204 1411 1368 1488 Hermippo

88 1524 318 1583 Demosthenem
335 1523 467 1602 Platonis
485 1523 513 1582 in
530 1523 723 1583 Academiam
738 1524 864 1595 venisse,
890 1542 978 1599 porro
995 1541 1042 1598 ap.
1060 1522 1135 1584 Gell.
1149 1521 1184 1581 lll
1203 1523 1241 1581 13
1260 1519 1368 1578 similia

88 1630 286 1707 Hermippum
307 1629 465 1690 tradidisse
485 1631 629 1705 legamus,
654 1637 778 1708 apparet
801 1628 996 1707 Hermippum
1021 1630 1057 1688 de
1073 1627 1169 1706 prima
1185 1626 1368 1687 institutione

89 1737 297 1797 Demosthenis
308 1737 427 1796 uberius
437 1737 624 1810 disseruisse,
637 1737 685 1796 hie
698 1737 767 1810 illic,
786 1744 817 1796 ut
829 1739 998 1797 etiamnunc
1008 1736 1110 1797 multis
1121 1736 1184 1795 eius
1195 1734 1368 1810 fragmentis
1440 1766 1441 1770 ,

89 1844 307 1919 cognoscimus
325 1845 494 1904 addentem:
513 1835 554 1911 ὡς
565 1837 633 1901 bitot
648 1861 734 1926 φασιν·
746 1853 774 1905 et
788 1844 905 1908 similia.
930 1844 1020 1920 Igitur
1033 1844 1093 1902 sive
1109 1843 1173 1920 ipse
1185 1841 1368 1918 Hermippus

89 1952 117 2011 in
149 1948 326 2012 sententiam
355 1951 387 2010 iit
410 1952 588 2012 tradentium
616 1953 848 2012 Demosthenem
875 1954 1093 2013 adolescentem
1120 1958 1185 2011 tum
1213 1951 1368 2010 Platonem

88 2058 251 2131 audivisse,
284 2078 354 2118 cum
378 2058 538 2119 Callistrati
567 2060 735 2136 eloquentia
764 2060 962 2132 alliciebatur,
995 2060 1055 2119 sive
1078 2059 1167 2118 huius
1190 2055 1368 2118 narrationis

89 2173 242 2242 tamquam
257 2187 275 2225 a
290 2165 392 2225 multis
416 2168 557 2242 probatae
580 2168 707 2227 fortasse
727 2168 824 2227 verbis
846 2159 886 2233 ὡς
909 2159 976 2225 ἔνιοί
999 2182 1084 2248 φασιν
1104 2167 1284 2226 mentionem
1308 2170 1369 2223 tan·

90 2281 153 2332 tum
176 2273 253 2346 fecit,
279 2293 408 2350 quocum
424 2274 591 2334 Gellianum
607 2265 760 2352 ‘scripturn
778 2265 831 2334 est’
850 2273 1006 2334 convenire
1030 2274 1151 2346 videtur,
1176 2271 1369 2332 Plutarchum

90 2381 245 2458 Hermippi
268 2381 397 2456 vestigiis
421 2381 566 2441 institisse
594 2391 707 2442 certum
730 2390 776 2443 est
803 2382 845 2441 ita
874 2389 906 2440 ut
929 2388 980 2441 aut
1003 2381 1066 2441 eius
1091 2379 1268 2441 sententiam
1292 2397 1370 2437 com·

91 2490 229 2565 probaret
244 2495 294 2548 aut
311 2489 386 2548 alius
403 2489 557 2566 scriptoris
574 2491 653 2566 apud
668 2489 866 2568 Hermippum
885 2491 1008 2549 allatam
1024 2489 1197 2548 relationem
1213 2487 1369 2564 probabili·

90 2615 172 2655 orem
196 2603 283 2672 atque
307 2597 539 2656 commodiorem
562 2617 629 2657 esse
646 2605 770 2674 putaret.
803 2597 891 2674 Apud
906 2597 1065 2673 Hegesiam
1081 2597 1247 2672 Magnetem
1270 2603 1369 2654 autem

89 2703 172 2762 illam
188 2705 317 2762 fabulam
335 2706 372 2763 ab
388 2704 552 2780 Hermippo
570 2706 718 2765 inventam
735 2725 801 2764 esse
817 2704 947 2765 inarime
963 2705 1114 2781 probabile
1130 2711 1183 2776 est,
1201 2723 1270 2762 cum
1286 2702 1370 2761 illurn

91 2811 197 2870 sabulis
211 2818 239 2869 et
247 2811 423 2870 commentis
435 2812 639 2871 eumoratorio
646 2814 713 2871 fuco
720 2812 893 2872 enarrandis
903 2831 1004 2871 curam
1018 2809 1215 2887 impertivisse
1229 2808 1370 2869 sciamus.

197 2917 344 2989 Quoniam
360 2918 416 2977 hac
432 2919 605 2994 quaestione
626 2918 759 2979 etlecisse
780 2939 828 2978 me
851 2927 921 2996 puto
945 2919 1059 2978 nullam
1080 2937 1203 2977 causam
1219 2937 1294 2989 esse,
1319 2935 1372 2976 cur

91 3024 163 3083 illud
180 3025 257 3100 quod
275 3023 415 3083 traditum
432 3033 485 3098 est,
511 3026 742 3085 Demosthenem
758 3027 918 3085 admodum
935 3026 1151 3085 adolescentem
1169 3024 1371 3086 Callistratum

91 3131 248 3202 audivisse,
274 3131 472 3207 posteriorum
489 3152 555 3191 esse
571 3141 772 3192 commentum
789 3132 1003 3205 existimemus
1029 3139 1197 3209 postremus
1215 3130 1263 3207 qui
1280 3138 1372 3191 restat

90 3258 172 3296 error
195 3237 348 3312 Roesigeri
371 3239 519 3297 tollendus
544 3246 597 3307 est,

197 3345 240 3404 Ex
258 3365 292 3403 eo
309 3345 388 3404 enim
409 3347 487 3421 quod
504 3344 585 3405 Suid.
604 3338 712 3412 Ἰσαῖος
728 3349 837 3406 tradat:
862 3338 1030 3427 Δημήτριος
1053 3339 1085 3402 δὲ
1109 3337 1265 3402 Χαλκιδέα
1287 3340 1373 3426 φησὶν

91 3442 177 3508 αὐτὸν
199 3443 277 3508 εἶναι·
301 3442 384 3517 οὖτος
408 3445 440 3507 δὲ
456 3442 611 3509 ἐπαινεῖται
626 3449 677 3508 καὶ
692 3444 733 3518 ὡς
748 3445 944 3534 Δημοσθένην
965 3445 1072 3531 ἀμισθὶ
1094 3451 1270 3530 προαγαγών
1293 3451 1373 3511 colli·

91 3561 218 3633 gendum
243 3579 309 3619 esse
332 3560 407 3619 Plut.
430 3578 455 3618 c.
482 3563 509 3631 5,
527 3559 577 3618 ubi
600 3560 697 3619 tradat
720 3560 959 3633 Demosthenem,
985 3579 1053 3618 cum
1075 3567 1195 3636 propter
1216 3558 1371 3617 orbitatem

92 3666 212 3726 lsocrati
240 3669 343 3726 decem
372 3666 469 3726 minas
498 3667 665 3743 persolvere
695 3687 754 3725 non
779 3667 933 3743 potuisset,
962 3666 1044 3726 lsaeo
1070 3672 1260 3741 praeceptore
1283 3683 1373 3724 usum

92 3793 166 3847 esse,
192 3773 375 3833 Demetrium
398 3773 435 3834 M.
462 3781 530 3833 ante
553 3775 656 3832 oeulos
680 3774 829 3834 habuisse.
855 3774 956 3846 (Roes
982 3794 1011 3851 p.
1037 3775 1077 3833 38
1103 3771 1179 3843 init.)

199 3879 281 3952 Quae
304 3900 351 3938 res
376 3899 434 3956 quo
458 3880 574 3956 planior
598 3882 648 3940 liat
664 3901 719 3940 nos
736 3902 794 3940 non
809 3889 841 3940 ut
856 3879 1016 3956 Roesigero
1034 3878 1144 3956 placuit
1160 3897 1255 3954 pauca
1272 3878 1368 3949 verba,

92 3989 143 4048 sed
159 3996 254 4047 totum
277 3988 377 4046 locum
397 3987 557 4060 afferimus,
583 4007 637 4047 nec
655 3988 778 4047 Suidam
794 3989 955 4064 sequimur,
982 3988 1033 4046 sed
1050 3985 1373 4063 Harpocrationem

91 4115 180 4171 quem
203 4097 240 4154 ab
264 4094 314 4153 illo
338 4093 520 4170 exscriptum
538 4102 566 4153 et
582 4101 784 4154 auctum‘esse
800 4101 932 4170 apparet.
966 4093 1069 4153 Tradit
1084 4092 1163 4153 enim
1179 4092 1242 4152 hic:
1266 4082 1374 4157 Ἰσαῖος

91 4191 132 4266 εἷς
155 4199 207 4279 μέν
236 4191 295 4257 ἐστι
322 4205 378 4256 τῶν
407 4195 481 4257 δέκα
512 4191 651 4280 ῥητόρων,
681 4197 824 4281 μαθητὴς
852 4195 885 4257 δὲ
907 4192 1103 4280 Ἰσοκράτους,
1133 4193 1313 4264 διδάσκαλος
1342 4192 1375 4254 δέ

90 4299 312 4389 Δημοσθένους,
337 4299 502 4388 Ἀθηναῖος
525 4304 557 4364 τὸ
581 4306 663 4382 γένος
687 4304 775 4380 [καθ’
800 4301 820 4366 ἅ
843 4323 929 4389 φησιν
948 4299 1118 4386 Ἕρμιππος
1140 4297 1169 4364 ἐν
1192 4302 1209 4383 β
1232 4302 1376 4384 περὶτῶν

199 4443 220 4511 1)
241 4445 371 4512 Roesiger
396 4452 458 4498 eum
484 4445 555 4498 dicat
574 4445 752 4512 Hermippum
778 4445 956 4514 plurimarum
980 4445 1135 4502 fabularum
1159 4444 1372 4499 inventorem

91 4534 176 4591 fuisse
195 4534 303 4606 ignorat
322 4533 501 4591 subtilitatem
520 4533 671 4608 Hermippi.
