3164 5182
683 362 894 438 ..29-

811 591 910 652 Sehol.
936 594 1000 653 cod.
1018 592 1101 653 coisl.
1119 594 1156 653 ad
1172 593 1280 655 Aesch.
1300 598 1327 667 1,
1350 596 1421 668 126,

359 699 437 762 Plut.
463 717 488 761 c.
511 701 545 758 4:
811 719 852 759 or.
878 699 936 764 Au.
967 701 1041 763 edid.
1074 701 1173 760 Baiter
1200 708 1228 760 et
1255 701 1375 779 Sauppe
1400 702 1423 760 ll

961 827 1007 884 pg.
1032 813 1072 868 22
1097 810 1116 867 b
1142 810 1180 868 28
1207 828 1270 886 sqq.

194 935 220 992 1.
244 922 279 1011 ἦν
295 925 327 986 δέ
343 921 359 988 ὁ
376 921 419 995 B„
444 921 484 996 ῶς
508 927 560 1009 μέν
583 922 650 985 ἔνιοί
673 944 759 1009 φασιν
856 929 884 991 1.
909 923 1073 1014 ὠνομάσθη
1090 927 1121 989 δέ
1137 948 1223 1014 μασιν
1247 923 1274 989 οἱ
1297 931 1349 1013 μὲν
1365 925 1424 990 ἀπὸ

146 1029 280 1118 αι’)λητης
290 1043 346 1094 τῶν
358 1035 551 1112 κατεαγότων,
563 1051 592 1092 κ.
604 1030 762 1115 δραμάτιον
811 1030 949 1094 ,Βατάλου
974 1030 1103 1120 αὐλητοῦ
1118 1034 1259 1119 μαλακοῦ

146 1137 189 1211 εὶς
211 1149 294 1201 τοῦτο
317 1138 469 1224 κωμῳδῶν
485 1134 571 1200 αὐτὸν
587 1134 762 1223 Ἀντιφάνης

147 1250 305 1332 πεποίηκεν

194 1377 224 1439 2,
241 1371 307 1435 ἔνιοι
323 1371 354 1432 δέ
369 1391 440 1441 τινες
452 1367 493 1441 ὡς
504 1380 624 1456 ποιητοῦ
636 1374 763 1458 τρυφερά
859 1374 888 1436 2.
913 1365 939 1432 οἱ
962 1370 995 1433 δὲ
1022 1370 1081 1434 ἀπὸ
1111 1381 1231 1458 ποιητοῦ
1261 1375 1426 1452 κατεαγότα

145 1503 175 1544 κ.
184 1481 318 1562 παροίνια
327 1484 488 1566 γράφοντος
500 1487 549 1540 τοῦ
562 1475 595 1539 Β.
606 1482 764 1563 μέμνηνται
811 1481 966 1562 κροῦματα
989 1481 1180 1565 γράμοντοςῙ)

194 1608 223 1670 3.
248 1604 329 1666 δοκεῖ
351 1603 383 1664 δὲ
405 1624 433 1664 κ.
457 1613 512 1664 τῶν
530 1590 590 1664 οῦκ
614 1598 762 1686 εὐπρεπῶν
858 1606 886 1668 3.
912 1599 1004 1664 οἶοῖδ’
1025 1601 1052 1665 οἳ
1067 1604 1195 1684 βάταλον
1210 1608 1427 1691 προσηγόρευον

146 1735 174 1775 τι
188 1712 337 1797 λεχθῆναι
352 1719 401 1772 τοῦ
414 1713 551 1794 σώματος
563 1712 670 1793 μορίων
682 1712 763 1791 παρὰ
811 1712 859 1771 τὀν
881 1713 1024 1792 πρωκτόν.

147 1829 208 1891 τοῖς
221 1817 366 1889 Ἀττικοῖς
380 1821 443 1879 τότε
459 1816 619 1879 καλεῖσθαι
635 1814 763 1897 βάταλος

215 1960 220 1970 ’
256 1967 378 2026 Restant
408 1965 496 2022 verba
522 1959 573 2018 καὶ
602 1956 760 2042 δραμάτιον
788 1953 828 2029 εἰς
857 1965 939 2018 τοῦτο
967 1957 1119 2041 κωμῳδῶν
1143 1955 1229 2021 αὐτὸν
1252 1956 1427 2047 Ἄντιιράνης

147 2071 319 2153 πεποίηκενς
345 2073 396 2131 sed
420 2080 447 2130 et
470 2071 543 2129 haec
568 2069 690 2128 forsitan
714 2089 781 2128 cuin
805 2070 863 2132 alia
887 2070 1019 2129 eiusdem
1043 2071 1107 2132 cod.
1132 2073 1245 2132 coislin.
1270 2076 1427 2134 annotati

149 2200 193 2240 or.
219 2185 247 2252 1,
276 2183 336 2239 126
362 2179 452 2238 allata
476 2177 675 2236 consentiunt:
701 2170 782 2232 δοκεῖ
805 2171 837 2232 δέ
860 2192 909 2256 μοι
931 2170 1079 2256 λελέχθαι
1103 2177 1184 2255 παρά
1207 2177 1239 2235 τὸ
1264 2171 1427 2246 Εὐπόλιδος

147 2293 287 2367 σκῶμμα,
311 2287 470 2346 dummodo
487 2285 550 2344 fieri
573 2284 705 2361 potuisse
729 2287 883 2358 concedas,
908 2293 940 2344 ut
956 2285 1106 2344 Plutarchi
1122 2295 1171 2345 aut
1188 2289 1427 2348 commentatoris

149 2414 247 2453 errore
270 2414 378 2452 noinen
401 2400 505 2469 poetae
528 2391 763 2450 confunderetur.

257 2528 338 2599 Quae
354 2525 464 2585 Deinde
480 2525 557 2587 Plut.
575 2524 658 2582 nullo
677 2525 765 2582 inodo
788 2526 825 2584 ad
850 2525 931 2600 prius
955 2525 1106 2603 inceptuin
1130 2527 1316 2587 concinentia
1339 2530 1427 2588 habet

150 2635 186 2693 de
210 2633 384 2708 cognomine
406 2623 519 2710 Ἂργας
542 2630 732 2689 Demostheni
756 2631 880 2705 tributo,
913 2634 1014 2692 eadent
1043 2654 1079 2693 ex
1104 2634 1224 2693 scholiis
1249 2636 1426 2711 profluxisse

150 2743 277 2800 fortasse
301 2740 439 2812 conicias,
465 2739 490 2798 si
514 2738 688 2797 contuleris:

814 2869 841 2921 et
865 2863 957 2923 schol.
983 2866 1046 2924 cod.
1072 2865 1185 2938 coislin,
1211 2867 1248 2925 ad
1272 2885 1313 2926 or.
1338 2873 1365 2939 2,
1385 2871 1425 2929 99

851 2970 904 3042 (or.
929 2970 989 3030 Att.
1015 2970 1038 3028 ll
1063 2992 1090 3048 p.
1118 2976 1158 3032 33
1184 2974 1211 3032 b.
1239 2976 1278 3032 33
1303 2974 1381 3050 ογτγ.)

199 3095 226 3164 1,
257 3087 272 3154 ό
297 3087 321 3151 δ’
343 3087 456 3173 Ἀργᾶς
486 3127 522 3136 -
553 3087 572 3175 ἢ
597 3091 684 3172 πρὸς
708 3090 764 3150 τὸν
860 3086 1431 3178 1.ἀργᾶςδέκαλεῖταιόδμις(παρά“

149 3203 288 3283 τρόπον
318 3194 359 3269 ῶς
382 3198 555 3283 θηριώδη
578 3219 606 3259 κ.
630 3199 764 3279 πικρὸν
813 3192 988 3282 Δωριεῦσιν).
1027 3198 1110 3260 θέλει
1133 3195 1182 3261 οὖν
1205 3196 1292 3262 αυτὸν
1315 3197 1428 3287 aptota

149 3303 315 3391 ἐτέθητδν
330 3309 394 3388 γάρ
411 3303 564 3392 όμινένιοι
574 3315 629 3366 τῶν
641 3313 766 3388 ποιητῶν
815 3307 875 3366 τὸν
897 3309 1034 3387 τρόπον
1057 3326 1085 3367 κ.
1102 3301 1186 3368 οἱονεὶ
1211 3307 1383 3394 θηριώδη
1399 3327 1427 3368 κ.

150 3411 244 3496 ἀργᾶν
268 3410 465 3498 ὀνομάζουσιν·
816 3409 1076 3495 ἀπάνθρωπον

364 2936 440 2995 Plut.
466 2954 490 2995 e.
516 2937 550 2994 4:

197 3541 226 3605 2.
251 3535 270 3623 ἢ
294 3541 387 3621 πρὸς
414 3537 610 3618 τὸνλόγον
641 3532 681 3606 ὡς
705 3532 766 3597 ἀνι·
862 3540 890 3604 2,
915 3536 1024 3609 άλλως·
1048 3534 1124 3611 εἶδός
1146 3562 1171 3602 τι
1195 3538 1290 3627 ’όμεως
1313 3539 1430 3624 ἀναιρε-

151 3657 228 3708 ῶντα
249 3648 317 3717 τοὺς
340 3643 546 3730 ἀκροωμένους
816 3652 904 3705 τικοῦ·
933 3640 952 3728 ἢ
984 3641 999 3706 ὁ
1028 3642 1125 3730 ἀργῶν
1154 3645 1212 3710 ἀπὸ
1243 3659 1297 3710 τῶν
1321 3648 1429 3722 ἀλλων,

815 3754 966 3837 γράφων
990 3751 1028 3813 δὲ
1052 3753 1192 3833 λόγους

197 3879 314 3945 3.καὶ
340 3880 410 3962 γάρ
430 3861 766 3960 Ἀργαςτοῦνομα
862 3882 891 3946 3.
916 3875 935 3964 ἢ
959 3876 1031 3941 ἀπὸ
1058 3887 1217 3965 ποιητοῦ
1244 3878 1429 3964 καλουμένου

151 3989 313 4071 ποιητὴς
336 3983 377 4071 ἡν
400 3990 521 4070 νόμων
545 3993 717 4070 πονηρῶν
737 4002 765 4043 κ.
816 3981 891 4048 οὕτω
915 3995 1089 4072 πονηροῦ.

153 4090 360 4177 ἀργαλέων.

151 4256 364 4266 ...μμ-*αραι-

262 4356 285 4426 1)
305 4358 379 4427 Quae
399 4356 547 4423 scholiasta
567 4353 678 4426 praehet
707 4354 854 4424 depravata
881 4369 939 4408 esse
964 4358 990 4408 et
1018 4351 1120 4424 aliquot
1141 4353 1231 4409 verbis
1258 4353 1430 4422 transpositis

152 4448 243 4504 sanati
263 4466 341 4518 posse
356 4450 487 4512 videntur,
507 4449 559 4501 hoc
573 4451 666 4501 inodo:
692 4444 804 4516 οῦλητοῦ
823 4447 965 4516 κατεαγότα
982 4445 1113 4515 κρούματα
1130 4445 1274 4518 γράφοντος,
1294 4442 1317 4496 οἱ
1335 4443 1361 4496 δὲ
1381 4443 1428 4498 ἀπὸ

151 4548 256 4615 ποιητοῦ
275 4537 392 4610 μαλακοῦ
411 4537 534 4607 (Christ).
