3164 5182
787 359 978 427 ..q-

246 542 298 606 sed
321 541 462 622 quicquid
485 543 536 604 ille
557 543 615 604 bac
637 542 667 604 in
690 564 723 604 rc
745 544 894 637 detexisse
917 564 949 604 se
973 544 1073 617 credit,
1099 544 1208 605 falsum
1231 552 1260 605 et
1283 546 1526 607 commenticium

245 659 301 713 est.
347 651 450 728 Neque
473 651 553 711 enim
578 651 665 711 Duris
689 653 882 713 Demostheni
906 652 976 713 lavit
998 661 1049 713 aut
1072 653 1239 713 Demetrius
1269 655 1305 716 de
1329 674 1363 714 eo
1387 655 1524 728 detraxit,

246 761 297 820 sed
314 759 496 820 contrarium
512 766 626 820 certum
642 766 702 832 est;
720 768 871 837 praeterea
888 759 976 820 etiam
992 780 1096 819 omnes
1113 767 1236 832 ceterae,
1255 781 1329 836 quas
1346 761 1395 820 ille
1412 762 1525 834 statuit,

245 865 428 927 diversitates
452 874 603 939 corruunt,
629 867 790 926 dummodo
815 867 968 946 scriptoris
991 870 1080 929 verba
1100 875 1180 928 recte
1195 868 1431 946 interpretemur.
1469 869 1527 930 Sed

245 975 282 1036 de
304 973 351 1035 his
375 974 452 1034 intra
476 975 633 1035 dicendum
657 973 719 1035 erit.

353 1081 438 1142 Nunc
462 1084 617 1143 enucleare
633 1082 662 1141 in
679 1082 779 1141 animo
796 1089 849 1155 est,
875 1102 933 1159 quo
949 1083 1061 1142 factum
1078 1082 1124 1156 sit,
1150 1091 1182 1143 ut
1197 1084 1231 1144 R.
1249 1085 1441 1144 Plutarchum
1459 1105 1528 1144 con·

247 1187 304 1248 silii
329 1189 417 1266 plane
439 1196 590 1267 expertem
615 1191 651 1249 ad
675 1190 753 1249 hanc
776 1189 864 1249 vitam
890 1191 1074 1251 condendam
1090 1209 1264 1266 aggressum
1280 1211 1347 1251 csse
1363 1199 1528 1253 statueret?

352 1285 399 1355 ‘Ut
417 1315 493 1369 vero,
510 1297 551 1357 ait
567 1317 595 1374 p.
615 1300 665 1369 35,
683 1297 788 1356 talium
803 1298 936 1356 locorum
954 1297 996 1370 (t),
1015 1299 1063 1375 qui
1080 1299 1162 1358 nulla
1178 1319 1210 1358 re
1225 1300 1319 1375 magis
1337 1302 1528 1377 splenderent

247 1423 337 1481 quam
355 1413 527 1465 coacervata
543 1405 730 1465 multitudine
746 1404 991 1477 testimoniorum,
1009 1413 1144 1465 auctores
1161 1416 1375 1481 excuterentur,
1392 1408 1530 1467 homines

246 1512 325 1571 docti
349 1511 460 1588 duplici
483 1511 597 1571 ratione
620 1511 775 1571 verissima
793 1512 834 1571 uti
852 1513 957 1572 solent.
996 1512 1057 1572 Aut
1072 1515 1150 1573 enim
1168 1514 1250 1575 aiunt
1265 1535 1333 1574 eum
1349 1524 1530 1592 usurpatum

247 1637 321 1692 esse,
334 1618 386 1695 qui
398 1626 493 1678 aetate
506 1619 639 1681 omnium
653 1627 821 1696 postremus
832 1626 912 1680 esset
923 1626 974 1679 aut
984 1620 1113 1697 aliquem
1123 1621 1149 1680 ei
1160 1641 1319 1698 supparem
1331 1618 1529 1699 scriptorem.

354 1725 477 1786 Habetis
488 1727 551 1786 eius
563 1731 678 1806 πρῶτον
688 1721 793 1807 ψεῦδος
803 1750 809 1799 ;
820 1728 961 1804 deceptus
972 1727 1028 1787 hac
1039 1748 1129 1804 quam
1138 1729 1325 1789 verissimam
1335 1730 1405 1789 dicit
1415 1731 1532 1790 ratione

248 1833 286 1893 ad
298 1833 436 1893 ultimum
446 1853 557 1908 eorum,
570 1853 645 1910 quos
658 1834 735 1894 Plut.
747 1833 923 1894 nominatim
931 1836 1024 1906 affert,
1037 1835 1216 1914 scriptorum
1228 1837 1288 1896 sive
1298 1838 1335 1896 ad
1345 1838 1531 1897 Demetrium

247 1938 413 2016 Magnetem
436 1949 471 2001 et
495 1942 532 2002 ad
556 1941 719 2018 aliquem
742 1961 903 2018 supparem
925 1942 1055 2002 defertur
1079 1943 1140 2003 sive
1163 1944 1200 2003 ad
1216 1943 1355 2002 Duridem
1381 1925 1530 2004 Samium.

355 2048 394 2107 At
409 2067 497 2108 nemo
514 2048 610 2108 adhuc
628 2057 743 2125 praeter
759 2048 952 2125 Roesigerum
973 2050 1123 2110 contendit
1146 2050 1223 2109 hanc
1245 2050 1390 2110 rationem
1414 2052 1534 2111 verissi-

249 2175 332 2216 mam
357 2175 423 2216 esse
447 2163 475 2215 et
498 2155 528 2215 in
552 2175 656 2216 omnes
672 2156 823 2216 Plutarchi
839 2155 914 2216 vitas
931 2157 1044 2230 cadere,
1069 2156 1138 2216 licet
1154 2156 1333 2233 quibusdam
1348 2157 1442 2217 locis
1460 2179 1534 2218 non-

252 2281 406 2340 nunquam
429 2264 497 2323 usui
521 2264 567 2324 sit.

353 2369 557 2431 Romanorum
572 2371 647 2431 vitas
665 2370 790 2448 excipio.
831 2371 968 2431 Clason
984 2379 1013 2430 et
1029 2372 1136 2431 Peter
1161 2370 1280 2447 quidem
1304 2382 1488 2434 censuerunt
1504 2375 1535 2434 in

249 2477 371 2551 Galbae,
388 2475 516 2536 Othonis
532 2477 660 2537 aliorum
672 2477 817 2538 nobilium
829 2478 1033 2538 Romanorum
1045 2477 1112 2537 vitis
1125 2479 1317 2538 Plutarchum
1330 2498 1389 2538 uno
1402 2481 1535 2556 plerum·

248 2605 306 2664 que
329 2585 410 2645 fonte
433 2604 522 2645 usum
546 2605 622 2658 esse,
647 2585 726 2662 quod
747 2591 775 2644 et
790 2583 895 2660 reliqui
913 2584 966 2645 viri
981 2583 1068 2656 docti,
1094 2585 1144 2660 qui
1160 2584 1190 2644 in
1205 2585 1262 2643 hac
1278 2605 1310 2643 re
1325 2586 1433 2647 versati
1452 2596 1534 2662 sunt,

249 2693 462 2769 comprobant3
487 2712 582 2768 neque
598 2693 626 2752 id
642 2692 760 2764 mirum,
785 2712 855 2751 nam
871 2692 949 2755 Plut.
968 2691 1031 2769 ipse
1047 2691 1077 2750 in
1093 2691 1142 2752 vit.
1159 2693 1313 2755 Demosth.
1331 2713 1356 2755 c.
1376 2698 1394 2754 2
1412 2695 1534 2768 fatetur,

248 2798 367 2878 quantis
391 2819 460 2860 cum
484 2800 629 2860 molestiis
655 2818 821 2859 sermonem
846 2798 971 2858 latinum
994 2798 1136 2858 didicerit.

355 2906 466 2967 Contra
476 2907 506 2966 in
517 2906 642 2982 singulis
650 2906 716 2966 vitis
725 2907 904 2966 Graecorum
916 2905 942 2964 ei
954 2907 1053 2983 plures
1062 2907 1157 2965 fontes
1168 2908 1204 2966 ad
1214 2926 1321 2965 manus
1332 2907 1424 2966 fuisse
1436 2929 1536 2985 neque

248 3033 299 3075 cos
314 3014 505 3075 secundarios
518 3015 570 3074 sed
588 3014 753 3074 uberrimos
770 3033 874 3074 omnes
889 3013 1066 3073 recentiores
1082 3014 1219 3073 homines
1235 3014 1313 3073 docti
1330 3017 1534 3080 consentiunt.

356 3122 399 3182 lta
421 3120 511 3182 vitam
529 3121 648 3181 Solonis
665 3121 755 3180 Henr.
772 3121 979 3195 Begemann
992 3115 1015 3191 ¹)
1032 3119 1187 3197 Hermippi
1210 3129 1238 3181 et
1261 3121 1377 3197 Didymi
1401 3123 1439 3181 ad
1466 3144 1536 3183 auc·

248 3227 409 3302 toritatem,
433 3227 524 3289 vitam
547 3228 672 3305 Lycurgi
697 3222 870 3300 Gilbert2)
895 3228 932 3287 ad
955 3227 1110 3304 Hermippi
1134 3234 1162 3287 et
1186 3228 1296 3305 Ephori
1318 3229 1477 3303 revocavit,
1504 3233 1536 3291 in

139 3331 141 3335 ¹
248 3335 315 3396 vitis
331 3335 443 3409 Niciae,
468 3335 641 3405 Alcibiadis,
666 3335 810 3411 Lysandri
826 3334 969 3408 Fricke,
987 3334 1071 3394 cuius
1088 3335 1326 3395 dissertationem
1343 3356 1435 3413 supra
1453 3357 1535 3397 com·

248 3451 445 3504 memoratam
460 3443 602 3519 Roesiger
624 3443 671 3502 bis
695 3442 792 3502 attulit
808 3442 850 3519 (p.
868 3446 908 3504 47
927 3450 955 3501 et
972 3442 1026 3514 51)
1050 3441 1091 3501 ita
1114 3450 1146 3501 ut
1169 3443 1217 3501 ille
1243 3444 1328 3519 plane
1351 3443 1441 3502 huius
1468 3466 1535 3504 sen·

248 3550 372 3612 tentiam
387 3551 622 3628 praemunivisse
638 3551 779 3622 videatur,
796 3568 856 3608 non
873 3549 960 3608 modo
977 3569 1037 3608 non
1051 3569 1145 3609 unum
1160 3551 1205 3609 vel
1218 3551 1292 3608 duos
1303 3549 1419 3626 aliquos
1432 3553 1535 3612 fontes

249 3657 444 3719 Plutarchum
468 3658 648 3735 compilasse
672 3665 763 3734 putat,
789 3659 841 3716 sed
864 3657 894 3716 in
910 3657 974 3719 Nic.
992 3656 1040 3716 vit.
1059 3655 1197 3732 quinque,
1223 3656 1253 3715 in
1276 3655 1371 3716 Alcib.
1396 3665 1476 3731 octo,
1503 3658 1533 3719 in

250 3764 319 3842 Lys.
344 3772 404 3826 tres
429 3772 565 3826 auctores
590 3765 708 3838 invenit,
735 3784 916 3841 quamquam
940 3763 1013 3823 mihi
1037 3763 1153 3840 quidem
1178 3765 1272 3824 multa
1294 3763 1325 3823 in
1348 3763 1394 3823 bis
1412 3763 1534 3842 Satyro,

252 3872 357 3932 ultimo
381 3874 570 3933 laudatorum
595 3871 783 3948 scriptorum,
808 3871 945 3930 debuisse
968 3871 1090 3933 videtur.

356 3981 428 4040 ltem
441 3999 545 4039 omnes
558 3978 672 4055 reliqui,
694 3978 744 4054 qui
757 3978 787 4038 in
800 3978 1044 4039 Plutarchearum
1056 3979 1182 4038 vitarum
1195 3979 1291 4038 fontes
1303 3977 1536 4055 inquisiverunt,

250 4085 628 4146 censueruntPlutarchum
639 4086 740 4163 plures
750 4085 909 4161 scriptores
917 4104 1109 4162 comparasse
1118 4105 1213 4162 neque
1225 4105 1405 4162 quemquam
1415 4106 1537 4165 eorum,

250 4212 286 4252 ex
311 4191 419 4270 quibus
443 4192 554 4270 aliquid
578 4192 777 4269 profecturum
803 4211 836 4250 se
859 4210 925 4249 esse
949 4191 1096 4266 sperabat,
1122 4191 1278 4268 sprevisse.

358 4299 504 4373 Ceterum,
529 4299 646 4360 etiamsi
669 4299 699 4359 in
723 4298 860 4358 omnibus
884 4298 989 4358 ceteris
1013 4297 1079 4357 vitis
1095 4299 1288 4359 Plutarchum
1304 4318 1416 4376 paucos
1436 4301 1539 4364 fontes

357 4435 380 4504 ¹)
399 4439 602 4505 Begemann
619 4432 805 4502 ‘Quaestiones
824 4431 962 4488 Soloneae’
979 4451 1053 4503 spec.
1072 4435 1100 4501 L,
1120 4434 1324 4489 Holtesmindae
1345 4434 1422 4489 1875.

357 4522 537 4595 ²)Gilbert
555 4523 677 4583 ‘Studien
695 4543 742 4582 zur
760 4527 882 4598 altspart.
902 4522 1014 4593 Gesch.’,
1035 4525 1182 4598 Gottingen
1203 4527 1279 4593 1872,
1299 4544 1325 4599 p.
1345 4527 1379 4580 97
1400 4527 1429 4584 11.
