3164 5182
592 365 808 436 agg..

53 547 173 626 ingenio
196 548 268 611 talia
291 551 421 613 maxime
444 554 563 613 luerunt
585 555 712 628 absona;
741 556 829 633 quod,
854 543 1045 616 etiamsinon
1063 551 1338 633 ipseprofiteretur‚

53 676 82 717 c.
96 660 125 730 3,
142 676 168 721 c.
181 658 199 716 8
212 665 240 717 et
257 659 295 719 11
314 666 402 736 atque
418 658 507 719 etiam
524 678 549 723 c.
570 661 608 720 15
627 668 712 735 extr,
738 661 763 720 si
780 663 949 722 etiamnunc
965 680 1021 721 nos
1037 662 1158 737 lugeret,
1177 662 1340 722 luculenter

53 767 245 837 doceremur3
269 785 339 825 nam
363 785 388 828 c.
412 768 430 826 8
455 765 595 826 Demetrii
618 766 702 831 Phal.
728 768 947 845 expositionem
970 767 1135 829 resecuisse
1158 786 1227 828 eum
1249 767 1340 829 videri

53 871 257 946 cognovimus
282 891 308 935 c.
329 873 366 932 11
385 879 457 932 extr.
475 880 504 932 et
520 892 545 936 c.
562 875 600 934 15
619 881 693 938 extr.
716 875 871 935 seherum
894 895 993 935 rerum
1016 894 1072 934 nec
1095 875 1263 934 studiosum
1286 895 1340 936 nec

54 979 226 1053 diligentem
256 979 349 1039 fuisse
378 987 479 1057 aperte
506 980 585 1044 dicit.
634 982 791 1054 Quaeritur
815 983 916 1059 igitur,
949 983 1015 1060 quis
1047 989 1150 1042 auctor
1180 981 1340 1042 Plutarcho

52 1084 113 1144 has
136 1105 183 1145 res
207 1085 359 1146 literarum
383 1087 523 1147 scientiae
540 1089 643 1164 plenas
659 1089 865 1167 suppeditarit.
898 1089 995 1166 Atque
1011 1109 1080 1149 curu
1095 1088 1173 1150 Plut.
1190 1089 1245 1148 has
1265 1088 1340 1149 vitas

55 1192 241 1269 perscripsit,
258 1193 410 1269 Dionys,
428 1194 551 1257 Halic.
570 1203 598 1254 et
615 1195 817 1255 Caecilius
834 1196 982 1256 Calact.
1000 1196 1031 1255 in
1047 1195 1196 1255 orationes
1212 1194 1341 1254 clarissi-

55 1319 175 1360 morum
199 1308 351 1359 oratorum
374 1301 595 1378 inquisiverant.
642 1301 766 1361 Constat
789 1309 888 1361 autem
912 1302 1074 1362 Caecilium
1097 1301 1249 1378 aliquanto
1273 1309 1342 1380 post

55 1406 242 1483 Dionysium,
267 1406 351 1466 cuius
375 1407 508 1484 aequalis
532 1415 560 1466 et
584 1408 739 1467 familiaris
764 1415 835 1481 erat,
865 1409 983 1481 decem,
1015 1407 1065 1486 qui
1089 1405 1341 1486 praestantissimi

55 1522 167 1586 essent,
193 1521 326 1573 oratores
350 1534 386 1573 ex
410 1533 519 1590 magno
543 1522 696 1574 oratorum
712 1515 878 1575 Atticorum
894 1534 1018 1575 numero
1039 1515 1164 1590 elegisse
1179 1533 1342 1591 eorumque

57 1621 208 1680 orationes
233 1628 386 1698 tamquam
410 1599 555 1681 canonem
579 1629 607 1681 et
629 1621 762 1697 regulam
786 1622 857 1681 artis
874 1621 1021 1681 oratoriae
1036 1620 1237 1682 constituisse.
1276 1621 1341 1680 Hac

55 1747 90 1786 re
104 1728 290 1804 potissimum
305 1729 427 1787 ductum
440 1729 510 1788 Bur
519 1748 534 1788 c
544 1728 690 1788 khardti
701 1749 752 1788 um
762 1725 784 1801 ¹)
798 1749 858 1789 non
871 1729 1026 1789 temerarie
1038 1729 1202 1789 coniecisse
1215 1727 1342 1789 arbitror

56 1833 235 1909 Dionysium
257 1833 419 1895 aCaecilio
444 1835 637 1912 compilatum
659 1854 734 1898 esse.
771 1836 849 1908 Quid
871 1835 940 1895 inde
961 1835 1110 1896 eflicitur?
1142 1835 1256 1915 Nempe
1272 1835 1342 1896 Cac-

60 1941 163 2000 cilium
188 1949 373 2018 postremum
396 1941 489 2001 fuisse
512 1942 669 2015 rhetorem,
694 1943 745 2019 qui
761 1943 816 2002 has
832 1962 879 2002 res
895 1942 1050 2018 diligenter
1067 1942 1105 2002 sit
1121 1949 1342 2020 perscrutatus3

55 2048 248 2122 cognoscitur
264 2056 363 2108 autem
380 2049 443 2107 eius
459 2049 593 2109 doctrina
610 2047 703 2108 schol.
722 2050 758 2108 ad
774 2049 881 2108 Aesch.
899 2049 935 2108 de
952 2049 1017 2109 lale.
1035 2049 1120 2125 legat.
1138 2053 1167 2123 3,
1187 2051 1203 2110 1
1217 2050 1265 2123 (fr.
1281 2051 1342 2111 1212

54 2155 209 2228 Burckh.),
235 2158 312 2215 unde
335 2175 403 2215 eum
427 2157 567 2216 Demetrii
583 2157 677 2229 Phal.,
704 2156 859 2229 ldomenei,
885 2155 1041 2234 Hermippi
1065 2156 1175 2233 scripta
1198 2157 1229 2216 in
1253 2176 1341 2216 suum

55 2282 146 2322 usum
163 2263 343 2322 convertisse
360 2271 491 2340 apparet.
528 2263 604 2336 Quid
617 2263 684 2323 inde
696 2263 918 2337 colligendum?
948 2263 1150 2337 Plutarchum,
1167 2263 1218 2341 qui
1230 2283 1257 2329 c.
1271 2266 1290 2324 3
1304 2264 1341 2323 ad

56 2369 218 2429 Caecilium
243 2370 273 2428 in
298 2371 387 2430 simili
410 2391 442 2430 re
466 2371 617 2448 spectarit,
643 2371 723 2430 hunc
746 2370 954 2430 doctissimum
978 2371 1074 2430 virum
1097 2371 1179 2430 hisce
1202 2371 1232 2431 iu
1252 2372 1341 2430 rebus

55 2477 256 2542 consuluisse,
292 2477 394 2554 Neque
417 2479 477 2537 iam
500 2479 609 2538 mirum
633 2486 688 2551 est,
713 2479 792 2554 quod
809 2479 998 2537 idomeneum
1022 2486 1050 2537 et
1066 2478 1247 2538 Demetrium
1264 2478 1342 2554 Mag·

58 2592 167 2657 netem,
192 2584 327 2643 homines
353 2585 514 2644 Caecilium
537 2593 633 2645 aetate
655 2587 871 2657 antecedentes
897 2586 990 2644 affert.

168 2693 226 2752 Sed
242 2693 331 2752 etiam
347 2693 592 2752 reconditioribus
606 2692 722 2752 indiciis
736 2692 792 2751 hoc
806 2693 1027 2769 comprobatur.
1064 2691 1141 2751 Nam
1154 2691 1343 2769 Psplutarchi

60 2800 137 2859 liber
152 2801 188 2858 de
203 2800 229 2858 X
246 2807 320 2862 orat.
338 2799 508 2877 inscriptus,
527 2799 586 2876 qui,
609 2797 635 2859 si
647 2799 832 2859 Burckhardt
849 2799 890 2874 (p.
910 2799 948 2858 51
968 2797 987 2860 l.
1005 2796 1059 2869 m.)
1075 2806 1154 2859 recte
1170 2798 1341 2877 disputarit,

62 2938 98 2948 -
113 2926 208 2982 neque
224 2913 269 2965 est
286 2926 338 2965 cur
350 2906 519 2965 dubitemus
536 2937 584 2978 -,
603 2906 723 2966 Caecilii
739 2905 922 2978 auctoritate,
940 2904 1109 2981 ubicunque
1124 2902 1160 2966 de
1175 2906 1343 2967 orationum

57 3013 229 3091 spuriarum
245 3020 295 3072 aut
312 3013 506 3087 genuinarum
521 3033 646 3072 numero
662 3020 690 3072 et
706 3014 742 3072 de
759 3020 912 3072 oratorum
931 3031 1036 3088 genere
1056 3012 1170 3073 dicendi
1187 3014 1341 3088 iudicatur,

58 3120 164 3180 nititur
194 3127 282 3196 atque
310 3127 424 3196 partem
453 3121 601 3198 quandam
626 3141 662 3181 ex
686 3121 749 3180 eius
774 3121 842 3180 stilo
867 3121 1031 3196 profectam
1054 3115 1229 3195 continet2),
1259 3121 1342 3195 nihil,

60 3229 142 3305 quod
153 3227 338 3286 aPlutarcho
349 3227 500 3302 dissideat,
518 3229 615 3301 tradit,
634 3227 704 3305 quin
716 3229 777 3287 imo
789 3227 939 3287 nonnullis
953 3226 982 3286 in
996 3228 1084 3287 rebus
1097 3236 1209 3288 certam
1218 3228 1345 3288 necessi·

57 3334 192 3396 tudinem
216 3335 395 3394 intercedere
417 3335 560 3399 videmus,
597 3336 735 3410 Legimus
760 3335 838 3395 enim
862 3355 909 3412 ap.
927 3335 1009 3412 Pspl.
1029 3338 1126 3396 8400:
1151 3325 1225 3392 elci
1247 3329 1287 3392 δὲ
1309 3325 1347 3392 οἵ

57 3457 150 3524 pact
173 3440 336 3520 σογγράγαι
360 3440 411 3521 μὲν
434 3439 501 3509 τοὺς
524 3434 653 3523 ῥήτορας
669 3440 736 3510 τοὺς
751 3437 867 3518 λόγους,
891 3433 1025 3520 ἐμποδὼν
1049 3437 1081 3498 δὲ
1104 3449 1264 3522 γενομένων
1287 3447 1343 3499 τίον

55 3545 125 3627 περὶ
148 3541 328 3626 Χαιρώνειαν
351 3549 456 3630 μηκέτι
477 3548 529 3630 τὴν
552 3544 634 3630 δίκην
657 3540 809 3606 εἰσελθεῖν.
845 3549 921 3622 Quid
945 3549 1024 3608 aliud
1048 3549 1119 3609 dicit
1142 3550 1242 3610 Plutl
1276 3537 1344 3606 ἀλλ’

57 3647 115 3714 οὐκ
138 3648 231 3712 ἔοικεν
253 3647 346 3722 οὕτως
369 3650 446 3736 ἔχειν
476 3650 624 3738 τάληθές,
657 3646 681 3712 sl
711 3651 753 3712 δεῖ
782 3659 841 3722 τοῖς
870 3653 936 3735 περὶ
965 3655 1108 3738 στεφάνου
1132 3654 1344 3734 γεγραμμένοις

56 3755 207 3841 ἑκατέρων
230 3757 328 3838 λόγοις
351 3760 565 3843 τεκμαίρεσθαι
587 3779 615 3820 κ.
639 3781 661 3820 τ.
685 3758 713 3819 λ.

168 3870 298 3929 Causam
329 3872 533 3931 tantummodo
561 3871 657 3944 addit,
689 3889 781 3948 quare
812 3870 966 3934 Demosth.
991 3891 1057 3931 eam
1087 3870 1252 3930 orationem
1282 3887 1343 3930 uon

56 3977 202 4037 habuisse
225 3978 364 4052 videatur,
391 3999 480 4056 quam
503 3980 534 4038 in
557 3979 728 4056 opinionem
752 3997 821 4036 euru
836 3977 937 4054 ipsum
953 3999 1013 4038 non
1035 3977 1184 4050 incidisse,
1207 3976 1342 4054 quisquis

58 4086 254 4145 Plutarchum
278 4086 366 4160 novit,
398 4089 555 4160 concedet,
585 4087 636 4145 sed
660 4105 728 4145 eum
752 4085 816 4162 ipse
840 4085 1005 4146 orationem
1030 4087 1066 4145 de
1090 4104 1150 4148 cor.
1175 4103 1283 4159 magna
1306 4103 1343 4143 ex

87 4207 105 4212 -
121 4207 270 4214 *nm-³„

169 4256 190 4325 ¹)
214 4255 332 4313 ‘Caecilii
351 4260 421 4313 rhet.
441 4260 537 4327 fragm.
557 4259 616 4312 coll.
636 4264 686 4312 etc.
700 4257 755 4312 Th.
769 4253 1000 4312 Burckhardt'
1019 4256 1143 4311 Basileae
1163 4255 1240 4322 1863,
1260 4273 1286 4326 p.
1301 4255 1343 4309 52.

168 4345 190 4415 2)
213 4349 309 4416 incipit
321 4355 412 4402 autem
425 4350 493 4401 haec
512 4366 583 4416 pars,
604 4354 633 4401 ut
645 4350 676 4402 Β.
691 4347 756 4412 vult,
777 4363 882 4416 semper
896 4347 985 4400 verbis
998 4347 1111 4418 φέρονται
1124 4344 1159 4410 tt,
1178 4343 1343 4398 καταλέλοιπε

60 4435 89 4490 δὲ
105 4466 146 4502 -,
167 4455 221 4507 qua
234 4437 262 4491 in
275 4455 303 4491 re
316 4437 346 4491 B.
360 4437 441 4491 nimis
453 4442 531 4491 caute
544 4437 610 4505 egit,
629 4453 694 4490 nam
713 4442 744 4489 ut
762 4437 814 4490 hae
834 4453 914 4490 voees
928 4441 1001 4489 certa
1013 4434 1147 4489 Calactini
1158 4431 1259 4488 indicia
1271 4438 1343 4501 suut,

60 4528 108 4594 ita,
128 4544 197 4598 quae
216 4545 249 4581 ex
268 4544 299 4581 eo
319 4533 390 4594 sunt,
410 4528 453 4580 his
473 4528 583 4581 demum
601 4527 693 4582 verbis
713 4541 819 4596 semper
837 4523 955 4596 incipere
975 4541 1086 4580 necesse
1103 4541 1160 4579 non
1178 4529 1228 4579 est.

1130 4613 1163 4670 3*
