3164 5182
602 350 817 423 ..25..

65 547 98 603 ut
114 560 181 609 eum
199 539 330 610 crebrius
348 538 456 613 adiret;
474 559 542 601 nam
561 539 721 618 scriptores
736 539 880 615 ingeniosi
897 538 1007 598 babent
1022 555 1162 615 magnam
1178 534 1214 595 ad
1231 531 1347 594 animos

66 648 228 725 legentium
251 647 310 707 viui
335 655 362 707 et
385 648 426 708 ita
451 668 483 707 se
506 647 536 706 in
560 667 610 707 eos
633 647 794 720 insinuant,
821 654 852 705 ut
868 645 897 706 hi
914 647 951 705 ab
968 644 1010 704 eis
1026 643 1176 704 discedere
1191 648 1346 719 nequeant.

66 754 151 817 Adde
175 754 253 831 quod
277 753 329 826 eia,
355 774 432 831 quae
448 754 568 830 Dionys.
594 753 691 813 Halic.
717 754 735 813 l.
761 773 812 825 m.,
837 751 888 828 qui
911 752 1041 829 reliquos
1065 771 1164 811 rerum
1188 749 1347 827 scriptores

65 859 263 923 acerbissime
286 859 444 934 recensuit,
470 847 504 918 in
519 860 715 939 Theopompo
740 860 899 939 praedicat,
924 859 1128 937 dispositionis
1152 857 1296 934 elegantia
1319 864 1348 918 et

64 969 145 1046 quod
169 967 269 1028 omnia
294 975 407 1028 secreta
430 967 546 1028 virtutis
571 970 687 1029 fucatae
710 976 738 1028 et
754 968 815 1028 vitii
831 966 949 1028 latentis
965 967 1107 1027 detexerit
1122 973 1150 1026 ct
1165 965 1195 1024 in
1211 972 1346 1042 apertum

65 1074 229 1154 protulerit,
255 1075 384 1135 maxime
405 1076 564 1136 Plutarcho
588 1096 704 1135 morum
730 1075 949 1137 studiosissimo
975 1071 1174 1149 investigatori
1199 1068 1347 1148 placuisse

64 1181 280 1242 existimandus
297 1188 350 1242 cst.
389 1182 523 1241 Ceterum
542 1183 753 1259 Theopompus
770 1202 835 1241 vere
851 1181 1010 1241 historicus
1027 1188 1072 1239 est
1087 1199 1182 1256 neque
1198 1187 1229 1237 nt
1246 1177 1347 1254 stirpis

66 1289 193 1366 scriptor
210 1307 316 1361 moreS,
335 1289 438 1366 quales
455 1290 589 1363 fuissent,
608 1289 750 1367 depinxit,
768 1291 819 1351 sed
836 1309 882 1351 res
900 1297 928 1349 et
941 1290 1026 1362 iacta,
1044 1287 1150 1367 quihus
1167 1285 1196 1345 hi
1210 1284 1347 1363 cognosci

69 1402 201 1474 possent,
228 1395 365 1472 prodidit.

173 1503 227 1562 His
244 1505 280 1562 de
296 1503 395 1562 causis
412 1503 500 1563 etiam
517 1505 554 1563 ad
571 1505 724 1565 Demosth.
744 1504 832 1566 vitam
850 1504 912 1563 eius
928 1496 1093 1560 Φιλιππικὰ
1109 1509 1252 1580 usurpata
1268 1509 1346 1560 sunt.

67 1611 104 1669 Et
128 1612 237 1688 septies
255 1613 373 1689 quidem
390 1597 565 1673 nominatim
583 1615 711 1687 aiiertur,
738 1622 888 1691 praeterea
904 1612 1081 1690 quibusdam
1098 1609 1270 1685 fragmentis
1287 1609 1347 1686 (ap.

65 1719 239 1778 Muellerum
256 1721 289 1779 ir.
304 1719 333 1779 lr.
346 1720 395 1779 Gr.
409 1720 418 1778 l
433 1722 494 1780 258
514 1720 592 1798 sqq.)
611 1721 687 1780 velut
704 1721 811 1798 quihus
828 1723 979 1798 depugna
996 1717 1195 1779 Chaeronensi
1212 1715 1347 1790 traditur,

66 1845 136 1886 cunr
151 1826 302 1886 Plutarchi
319 1826 486 1886 narratione
503 1834 563 1886 tam
580 1827 770 1903 congruentia
790 1830 963 1900 referuntur,
990 1833 1021 1886 ut
1045 1825 1092 1885 hic
1117 1825 1204 1885 etiam
1229 1823 1348 1902 saepius

67 1931 227 1991 Plutarcho
252 1932 319 1991 usui
344 1932 436 1993 inisse
458 1932 598 1995 videatur.

175 2039 276 2115 Neque
305 2060 373 2099 vero
398 2040 427 2099 in
452 2040 566 2100 decimo
590 2040 675 2115 libro,
700 2041 784 2101 cuius
809 2050 923 2119 partem
947 2041 1095 2117 quandam
1119 2041 1154 2099 de
1178 2038 1348 2114 demagogis

67 2145 164 2220 egisse
189 2146 295 2206 Athen.
321 2146 357 2204 lV
384 2150 444 2207 166
470 2148 494 2206 D
519 2155 547 2207 et
572 2147 732 2208 scholiasta
756 2147 876 2207 Luciani
901 2147 978 2207 Tim.
1005 2167 1029 2207 c.
1057 2150 1095 2207 29
1121 2153 1255 2207 auctores
1280 2153 1349 2205 suut

67 2251 117 2324 (ci.
142 2253 247 2311 Miiller
270 2253 373 2328 fragor.
397 2252 408 2310 l
434 2274 461 2330 p.
489 2257 550 2315 293
576 2262 604 2314 et
629 2256 721 2328 294),
756 2256 949 2327 PlutarchuS,
983 2274 1058 2331 quae
1087 2275 1122 2314 ex
1147 2273 1181 2313 eo
1206 2253 1234 2313 in
1258 2253 1348 2313 vitam

66 2359 273 2418 Demosthenis
298 2361 512 2437 transscripsit,
537 2361 660 2435 invenit,
691 2361 758 2421 licet
789 2362 839 2421 illo
863 2361 937 2421 libro
961 2362 997 2420 de
1022 2360 1154 2438 pristinis
1179 2359 1348 2435 demagogis

66 2463 210 2538 (Cimone,
243 2466 451 2540 Themistocle,
483 2467 620 2541 Aristide,
651 2469 772 2542 Pericle,
802 2469 919 2541 Cleone,
949 2468 1130 2544 HyperbolO,
1160 2466 1348 2539 Alcibiadet,

64 2571 200 2648 reliquis)
216 2571 449 2648 digressionibus
467 2575 551 2635 iactis
569 2576 736 2635 accuratius
751 2584 953 2654 exponeretur.
989 2575 1098 2634 Contra
1110 2574 1139 2634 in
1152 2574 1349 2639 Demosthene

65 2677 188 2738 dubium
206 2700 263 2739 non
281 2690 334 2754 est,
360 2682 430 2758 quin
448 2682 670 2760 Theopompus,
689 2703 757 2742 cum
774 2684 825 2742 ille
841 2684 870 2742 in
887 2682 1039 2759 republica
1057 2682 1185 2758 primum
1202 2680 1348 2759 apparuit,

65 2785 156 2845 vitant
172 2786 236 2846 cius
254 2788 356 2865 paucis
370 2790 560 2862 adumbrarit,
579 2790 683 2849 deinde
701 2810 754 2850 suo
769 2810 884 2867 quoque
904 2791 977 2862 loco,
1003 2789 1235 2866 quotiescunque
1247 2789 1350 2848 Demo·

65 2893 186 2952 sthenes
211 2897 298 2954 rebus
324 2896 463 2969 interluit,
488 2896 597 2956 diserte
621 2897 683 2956 eius
708 2899 853 2957 factorum
878 2897 1056 2956 mentionem
1079 2896 1188 2956 fecerit.

172 3002 291 3061 Praeter
315 3003 542 3080 Theopompum
567 3024 603 3063 ex
627 3005 729 3064 multis
754 3013 781 3065 et
805 3006 916 3083 apertis
945 3012 972 3064 et
1003 3003 1209 3063 remotioribus
1234 3001 1349 3062 indiciis

66 3107 256 3166 manifestum
281 3109 313 3167 ht
337 3129 403 3167 eum
420 3109 682 3171 Demosthenis
707 3111 854 3171 orationes
877 3120 935 3171 tres
959 3111 1112 3187 diligenter
1136 3112 1348 3188 perlustrasse:

65 3216 102 3273 de
126 3233 244 3287 corona,
271 3223 373 3274 contra
396 3216 555 3293 Aphohum
573 3217 709 3294 primam,
735 3227 837 3278 contra
853 3219 987 3291 Midiam3
1012 3218 1067 3277 hae
1091 3217 1249 3289 orationes
1275 3236 1349 3293 quas

67 3321 143 3380 Plut.
172 3321 234 3380 sine
265 3322 353 3381 dubio
382 3323 440 3382 iam
469 3325 580 3383 dudum
611 3324 640 3384 in
670 3325 779 3384 scholis
804 3333 979 3401 cognoverat
1003 3333 1030 3384 et
1054 3326 1274 3396 decantaverat,
1308 3323 1349 3382 in·

64 3427 170 3504 primis
194 3427 316 3488 idoneae
347 3438 431 3502 sunt,
465 3431 571 3507 quibus
606 3453 748 3509 expressa
772 3433 881 3491 sumrrri
905 3432 1030 3492 oratoris
1054 3430 1165 3507 effigies
1189 3432 1219 3490 in
1242 3431 1349 3490 animis

64 3535 217 3598 ciliciatur.
266 3536 331 3594 Hoc
356 3536 521 3613 praecipue
544 3538 622 3597 eadit
646 3538 676 3597 in
700 3558 741 3599 or.
767 3540 803 3598 de
826 3559 897 3612 cor,
927 3561 1015 3617 quam
1047 3560 1104 3598 non
1130 3540 1226 3598 solum
1251 3559 1348 3597 rerum

67 3644 341 3717 cognoscendarum
365 3663 456 3702 causa
481 3645 673 3704 examinasse
696 3645 817 3719 videtur,
844 3648 894 3706 sed
919 3656 949 3707 ut
974 3647 1114 3707 indicium
1139 3645 1194 3705 sibi
1219 3647 1348 3721 fingeret,

68 3768 126 3825 quo
145 3749 232 3808 nixus
249 3751 391 3809 adi-'ersus
408 3751 593 3829 Theopompi
610 3752 809 3826 acerbitatem,
831 3755 905 3813 addo
922 3762 950 3813 et
965 3753 1122 3813 Aeschinis
1139 3753 1348 3825 cavillationes

66 3856 247 3915 confidenter
271 3877 403 3933 pugnare
427 3866 537 3934 posset.
571 3857 648 3918 Nam
672 3867 751 3919 certo
772 3860 865 3920 evinci
887 3868 982 3937 potest
1003 3881 1070 3920 eum
1087 3859 1288 3919 Aeschinis
1304 3880 1346 3919 or.

65 3961 95 4020 in
109 3960 188 4023 Ctes.
202 3963 275 4022 satis
293 3972 430 4023 accurate
447 3966 627 4040 adhibuisse,
646 3987 828 4042 quamquam
844 3975 875 4026 ut
892 3968 1005 4026 solebat
1022 3967 1141 4044 saepius
1157 3987 1211 4026 suo
1229 3967 1348 4027 arbitrio

63 4068 152 4127 nimis
170 4069 300 4131 indulsit.
336 4071 393 4130 Sed
410 4093 446 4131 ne
462 4073 621 4131 Plutarcho
645 4073 767 4133 nimiam
792 4073 935 4134 incuriam
959 4074 1074 4133 crimini
1098 4075 1211 4148 demus,
1237 4065 1348 4152 apertis

63 4175 180 4235 iudiciis
211 4178 351 4237 doeemur
379 4180 530 4238 nonnullis
561 4179 634 4238 locis
665 4188 693 4238 et
717 4180 943 4257 Theopompum
966 4180 1124 4240 Aeschinis
1157 4181 1186 4240 in
1219 4181 1347 4257 vestigiis

63 4290 151 4356 stare,
177 4283 214 4356 (c.
234 4286 263 4357 4,
284 4286 378 4358 tac.
400 4288 438 4346 18
456 4293 557 4357 extr,
591 4285 698 4362 quibus
723 4286 758 4345 de
787 4287 860 4345 locis
885 4306 939 4346 suo
964 4294 1095 4363 tempore
1110 4287 1266 4348 dicendum
1283 4288 1346 4351 erit.

63 4391 179 4451 Etenim
203 4411 326 4468 prorsus
351 4393 521 4453 incredibile
545 4402 589 4453 cst
613 4394 806 4453 Plutarchum
835 4395 865 4453 in
896 4415 930 4453 ea
954 4401 1037 4470 parte
1061 4394 1144 4467 vitae,
1170 4415 1245 4471 quae
1268 4395 1347 4453 haud

62 4496 151 4565 dubie
173 4518 208 4562 ex
225 4499 308 4564 uera
327 4507 362 4566 c'.
380 4499 488 4565 Aesoh.
514 4508 588 4565 orat.
606 4500 850 4582 Theopompique
873 4499 996 4571 historia
1020 4503 1147 4569 conflata
1170 4509 1223 4575 est,
1248 4501 1347 4578 ipsunt
