3164 5182
620 394 837 468 :¹¹27-

193 581 274 662 Quae
297 583 326 644 in
351 583 398 643 his
415 583 560 661 capitibus
577 584 687 661 insunt,
712 584 812 645 omnia
828 593 878 646 aut
894 604 929 646 ex
950 583 1091 647 memoria
1112 591 1163 646 aut
1185 603 1220 646 ex
1244 579 1360 661 ingenio

85 690 257 768 repetivisse
280 692 401 753 videtur.

191 799 300 876 ltaque,
328 807 484 877 postquam
508 800 633 860 breviter
657 800 850 872 adumbravit,
875 800 1022 876 quomodo
1045 798 1199 877 utriusque
1223 818 1318 859 mores
1336 804 1364 858 et

84 905 202 966 fortuna
225 907 423 980 convenirent,
449 908 486 967 ad
509 907 716 967 Demosthenis
740 907 828 967 vitam
853 906 974 967 accedit.

192 1013 223 1073 C.
250 1017 270 1075 4
294 1014 355 1078 init.
374 1016 450 1079 Plut.
468 1015 532 1092 ipse
557 1015 665 1075 diserte
689 1015 967 1093 Theopompum
990 1014 1100 1088 laudat,
1126 1032 1183 1093 qqo
1208 1012 1273 1090 ipso
1297 1014 1362 1071 loco

84 1121 215 1199 suspicio
239 1130 370 1182 movetur
393 1123 472 1182 hunc
497 1143 586 1200 saepe
610 1143 644 1182 ex
662 1123 769 1183 Aesch.
795 1108 1362 1206 orationihushausisse3l3namTl1eu·

84 1248 211 1305 pompus
228 1250 275 1306 ap.
293 1231 370 1294 Plut.
388 1230 521 1306 congruit
539 1249 608 1289 cum
624 1230 731 1290 Aesch.
751 1233 779 1303 3,
800 1231 875 1291 171:
901 1227 992 1307 τοάτιρ
1014 1227 1111 1310 πατὴρ
1132 1225 1185 1309 μὲν
1207 1219 1243 1307 ἦν
1265 1218 1362 1306 Δημο-

82 1330 193 1416 σθένης
208 1327 374 1404 Παιανιεὺς,
397 1330 472 1417 ἀνὴρ
496 1328 664 1416 έλεόδερος,
689 1328 723 1394 oh
744 1336 800 1415 γάρ
816 1331 860 1393 δεῖ
873 1330 1042 1417 ψεάδεσδαι,
1066 1343 1094 1395 et
1109 1333 1261 1395 Plutarchi
1277 1335 1364 1393 verba

83 1442 222 1520 deinceps
238 1463 274 1503 ex
287 1444 442 1517 Aeschine,
460 1444 510 1522 qui
522 1445 698 1504 nominatim
710 1446 838 1517 affertur,
855 1445 1030 1521 deprompta
1045 1443 1157 1516 eodem,
1175 1462 1263 1519 quem
1277 1441 1363 1501 modo

83 1551 246 1624 attulimus
264 1553 329 1610 loco
342 1553 528 1611 inveniuntur
544 1553 587 1610 vel
606 1552 704 1630 potius
722 1551 855 1629 proxime
867 1551 891 1610 ei
906 1553 1076 1613 succedunt.
1113 1550 1156 1610 Ex
1169 1550 1364 1626 Theopompo

84 1661 185 1736 procul
209 1658 297 1718 dubio
321 1667 349 1718 et
373 1678 448 1736 quae
471 1659 546 1720 inter
569 1658 624 1718 hos
647 1661 728 1719 locos
753 1659 860 1719 iacent:
887 1650 1057 1714 ἐπεκαλεῖτο
1082 1652 1114 1713 δέ
1130 1700 1160 1714 ..
1184 1655 1364 1733 transcripta

84 1773 161 1825 sunt.
200 1765 302 1844 Neque
325 1786 402 1839 vero,
427 1768 506 1843 quod
529 1765 617 1825 huius
643 1785 759 1843 quoque
783 1766 903 1826 notitiae
927 1765 1005 1841 apud
1022 1763 1129 1826 Aesch.
1150 1767 1177 1836 2,
1196 1767 1236 1823 93
1255 1762 1364 1822 mentio

83 1880 180 1932 exstat
203 1867 267 1951 (καὶ
290 1867 477 1953 σεμνολογεῖς
499 1863 569 1953 ημῖν
590 1864 630 1939 ὡς
646 1862 701 1929 odat
717 1863 805 1935 εἰδόσι
821 1870 939 1937 τοδτοις,
963 1862 1005 1928 tta
1020 1860 1232 1951 Δημοσθένους
1255 1860 1317 1935 οἱδς
1341 1859 1365 1926 εἶ

81 1975 172 2045 νόθος
182 1984 231 2036 τοῦ
239 1975 479 2060 μαχαιροποιοῦ),
491 1979 564 2039 tanti
575 1979 716 2039 momenti
727 1986 780 2052 est,
795 1987 826 2039 ut
836 1980 878 2038 vel
888 1979 1112 2055 Theopompum
1124 1976 1365 2037 velPlutarchum

83 2089 120 2146 ad
145 2107 210 2146 eam
235 2088 399 2147 orationem·
414 2087 578 2146 recurrisse
595 2095 743 2164 putemuS,
768 2106 836 2145 cum
852 2087 1006 2162 aequalem
1022 2085 1195 2161 scriptorem
1212 2084 1270 2143 tale
1287 2083 1364 2159 quic·

84 2215 174 2271 quam
189 2195 300 2270 fugisse
317 2194 480 2254 existimari
497 2201 632 2272 nequeat.
669 2193 797 2252 Omnino
808 2192 886 2252 enim
899 2192 1097 2251 moderatione
1110 2198 1228 2250 utamur
1243 2210 1365 2251 necesse

84 2309 143 2373 est;
167 2302 265 2378 itaque
289 2301 361 2361 satis
385 2303 554 2361 habendum
578 2308 631 2374 est,
657 2301 824 2377 ubicunque
839 2300 1051 2376 Theopompus
1068 2297 1241 2358 nominatim
1257 2298 1364 2357 allatus
1444 2277 1446 2284 Ι

84 2428 152 2467 cum
168 2408 316 2468 Aeschine
332 2409 486 2482 consentit,
512 2409 568 2468 hoc
592 2407 758 2480 monuisse3
784 2428 878 2484 neque
902 2406 980 2466 enim
997 2406 1134 2482 cuiquam
1151 2405 1307 2480 continget,
1333 2413 1365 2465 ut

85 2536 138 2592 pro
161 2524 240 2575 certo
261 2518 418 2576 contendat
441 2516 668 2592 Theopompum
684 2514 841 2574 Aeschinis
858 2514 1004 2573 orationes
1021 2513 1081 2571 lere
1097 2514 1134 2571 ad
1149 2513 1271 2572 verbum
1287 2531 1365 2572 com-

85 2622 204 2699 pilasse,
230 2623 345 2683 etiarnsi
369 2643 428 2683 non
453 2642 569 2699 semper
594 2629 621 2680 et
645 2621 693 2680 vix
717 2621 766 2681 diu
790 2623 878 2681 rebus
902 2619 1132 2681 Atheniensibus
1156 2615 1326 2691 interfuit1)

192 2730 273 2803 Quae
289 2732 325 2789 de
340 2732 448 2790 damno
466 2752 482 2789 a
499 2729 645 2789 tutoribus
662 2738 784 2807 accepto
801 2738 966 2800 narrantur,
992 2748 1027 2786 ex
1044 2728 1127 2790 Deru,
1145 2746 1186 2787 or.
1204 2747 1229 2790 c.
1248 2727 1363 2803 Aphob.

84 2838 108 2895 ll
135 2839 185 2909 27,
212 2839 230 2896 4
257 2857 322 2912 sqq.
348 2839 384 2897 ad
409 2838 529 2895 verbum
554 2843 694 2911 congesta
719 2845 803 2897 sunt:
974 2899 976 2902 ,

296 2943 373 3003 Plut.
399 2964 423 3003 c.
448 2948 481 3005 4:
910 2942 1062 3002 Demosth.
1090 2943 1140 3014 27,
1169 2945 1202 3001 4:

131 3062 160 3128 l.
184 3059 376 3149 ἀπολειφθεὶς
403 3059 428 3123 δ’
457 3059 473 3125 δ
503 3059 551 3124 Δ.Ι
565 3057 621 3124 hul>
648 3070 698 3123 τοῦ
800 3063 828 3131 1,
847 3061 863 3144 ᾖ
882 3063 916 3130 4;
940 3059 973 3124 Δ.
989 3057 1081 3148 οδμὸς
1101 3063 1197 3145 πατὴρ
1212 3058 1365 3121 κατέλιπεν

82 3171 194 3252 πατρὸς
216 3165 356 3256 ἑπταέτης
756 3206 792 3215 -
819 3166 872 3252 ἐμὲ
894 3164 954 3230 ἕπτ’
976 3165 1046 3230 ἐτων
1068 3166 1137 3229 ὄντα

129 3279 159 3340 2.
177 3272 206 3337 έν
221 3271 341 3359 εὐπορίαΙ
359 3275 476 3361 (μικρὸν
488 3281 545 3360 γὰρ
561 3275 698 3339 ἀπέλιπεν
798 3279 827 3341 2.
842 3276 859 3359 ἓ
873 3279 906 3344 9;
924 3274 1133 3338 πεντεκαίδεκα
1148 3273 1296 3334 ταλάντων
1308 3275 1364 3354 γάρ

83 3379 102 3468 ἡ
127 3384 268 3467 σι’)μπασα
284 3386 397 3470 τίμησις
413 3379 501 3446 atron
521 3394 573 3469 της
597 3379 698 3454 οόσὶας
749 3386 813 3468 τρία
836 3382 964 3445 τάλαντα
986 3386 1099 3468 τίμημα

83 3489 292 3552 πεντεκαίδεκα
315 3490 392 3576 παλ.)

129 3599 159 3665 3.
183 3592 238 3659 ἀπὸ
262 3608 317 3659 των
333 3594 492 3681 ἐπιτρόπων
512 3594 647 3684 ἠδικήθη
663 3601 698 3659 τά
796 3600 826 3663 3.
851 3604 977 3662 conflata
1001 3604 1068 3672 cx§
1089 3603 1127 3661 13
1146 3621 1220 3676 sqq,
1240 3601 1280 3658 40
1299 3617 1362 3674 sqq.

83 3707 135 3788 μὲν
150 3709 366 3790 νοσφισαμένων
386 3708 422 3767 τὰ
438 3701 463 3765 δ’
478 3703 696 3791 ἀμελησάντων,
752 3713 767 3782 ἕ
795 3715 849 3773 13;
877 3742 915 3751 -
942 3707 1158 3789 νοσφισαμένων
1184 3738 1221 3747 -

751 3819 766 3889 ἓ
792 3821 848 3880 40:
876 3848 916 3859 -·
941 3809 1149 3898 ἀμελησάντων
1175 3845 1213 3853 -

128 3936 158 4003 4.
183 3931 373 4000 dorsariis
396 3935 584 3999 διδασκάλων
608 3932 697 3999 αὐτοῦ
797 3946 826 4004 4.
844 3945 859 4013 ἓ
877 3945 934 4005 46;
951 3933 1025 3998 ὥστε
1041 3958 1069 3998 κ.
1085 3937 1151 4006 τοὺς
1168 3931 1365 4000 διδασκάλους

81 4043 130 4104 τὸν
154 4043 260 4127 μισθὸν
283 4039 488 4129 ἀποστερῆσαι.
750 4045 817 4115 τοὺς
840 4045 966 4128 μισθοὺς
989 4040 1179 4127 ἀπεστέρηκε.

193 4200 214 4269 ¹)
234 4205 347 4256 Constat
365 4203 575 4273 Theopompum
595 4205 632 4258 ol.
655 4203 705 4256 107
726 4204 842 4256 Athenis
861 4221 923 4256 cum
942 4205 1060 4256 Isocrate
1078 4202 1133 4255 iam
1153 4202 1198 4254 diu
1216 4197 1315 4252 relictis
1335 4197 1364 4249 in

83 4291 149 4344 Asia
168 4295 367 4345 commoratum
387 4308 463 4353 esse;
482 4310 537 4360 quo
556 4293 653 4347 deinde
666 4310 695 4346 se
712 4293 857 4347 contulerit
870 4293 1012 4354 nescimus
1033 4307 1199 4359 quamquam
1212 4288 1269 4340 sine
1282 4285 1365 4338 dulrio

83 4379 182 4432 iterum
200 4385 281 4448 atque
301 4381 399 4434 iterum
415 4382 531 4435 Athenis
551 4383 610 4436 luit.
631 4382 672 4436 Ol.
693 4381 751 4446 111,
772 4383 788 4434 3
807 4382 922 4450 denique
937 4381 1082 4434 Alexandri
1096 4380 1182 4449 gratia
1202 4380 1230 4432 in
1249 4375 1365 4445 patriam

83 4468 181 4522 Chium
197 4470 316 4533 revertit,
337 4486 391 4538 qua
404 4471 438 4523 43
447 4485 539 4523 ‘annos
559 4477 691 4524 caruerat.
724 4472 818 4538 ltaque
832 4471 889 4524 veri
902 4469 1031 4524 dissimile
1043 4471 1155 4522 omnino
1169 4472 1284 4529 nonest,
1304 4481 1366 4516 eum

83 4558 116 4613 ud
138 4574 180 4611 res
194 4558 295 4616 Athen.
316 4559 508 4617 describendas
527 4559 681 4631 aequalium
701 4560 837 4617 orationes
851 4576 930 4633 saepe
949 4563 975 4612 et
995 4565 1071 4633 grato
1090 4559 1182 4616 animo
1201 4553 1365 4612 adhibuisse.
