3164 5182
682 300 894 368 ..30-

253 485 311 547 Sed
326 506 364 548 ne
379 485 571 546 Plutarchum
595 504 630 545 ea
652 505 688 545 ex
711 485 820 545 codicis
837 485 962 544 alieuius
979 485 1221 561 annotationibus
1237 483 1429 562 excerpsisse

147 603 294 673 putemus,
317 594 496 655 monendum
519 599 564 652 est
579 602 730 652 auctorem
746 593 847 670 stirpis
863 593 937 652 tales
954 592 1093 652 minutias
1109 611 1232 652 curasse
1247 599 1277 651 et
1291 599 1430 651 accurate

146 704 183 763 de
213 701 405 780 extemporali
433 701 574 760 facultate
599 700 642 758 vel
667 701 703 759 de
727 701 819 777 plebis
845 699 949 758 studiis
973 700 1016 759 vel
1041 701 1076 758 de
1100 706 1194 759 morte
1216 698 1428 758 Demosthenis

147 809 285 887 quicquid
309 816 372 868 tum
395 808 542 866 ferebatur
565 807 794 870 coacervavisse.
830 806 869 865 At
893 806 959 883 quis
983 807 1065 864 locus
1087 805 1190 881 Satyro
1214 805 1309 864 fuisse
1332 812 1429 883 potest

147 914 220 977 haec
243 915 430 994 proferendi?
474 915 549 973 Nam
577 922 658 974 caret
680 914 794 973 ratione
816 912 932 990 opinari
955 932 1023 972 eum
1046 921 1075 972 et
1098 913 1302 972 antecedentia
1326 913 1429 972 eodem

148 1026 303 1084 verborum
320 1031 348 1082 et
365 1022 578 1082 sententiarum
594 1021 696 1081 ordine
712 1041 746 1080 ac
763 1021 847 1093 serie,
872 1028 904 1079 ut
920 1039 998 1079 nunc
1022 1020 1156 1095 legimus,
1181 1020 1346 1079 Plutarcho
1364 1020 1429 1079 sub·

149 1130 344 1202 ministrasse,
377 1149 444 1188 cum
473 1149 540 1188 eum
564 1147 751 1205 nequaquam
775 1129 847 1187 adeo
872 1128 1014 1202 elegantis
1037 1127 1136 1186 iudicii
1159 1135 1313 1204 expertem
1337 1125 1430 1186 fuisse

150 1238 340 1297 manifestum
364 1236 411 1300 sit.
460 1236 517 1295 Sed
540 1234 596 1294 hoc
621 1235 772 1313 ineptius
796 1242 913 1311 tempus
938 1234 1039 1293 differo
1064 1234 1114 1308 (ad
1138 1254 1204 1311 cap.
1232 1232 1297 1305 14).

256 1344 389 1421 Capita
407 1345 510 1403 5-11
530 1362 589 1402 una
604 1343 766 1420 eademque
781 1342 894 1402 ratione
911 1341 1094 1401 aestimanda
1118 1349 1204 1414 suut3
1229 1361 1266 1400 ne
1278 1360 1328 1418 que
1352 1340 1430 1400 euim

150 1460 300 1511 auctorem
324 1449 412 1508 huius
437 1449 528 1526 partis
553 1447 634 1523 fugit,
660 1468 717 1525 quo
741 1448 869 1525 quidque
892 1448 1013 1519 referat;
1038 1447 1136 1525 itaque
1159 1447 1260 1507 omnia
1275 1455 1339 1508 tam
1357 1447 1430 1506 bene

150 1561 225 1618 inter
249 1578 281 1617 se
304 1557 471 1628 cohaerent,
502 1563 534 1615 ut
557 1554 673 1615 etiamsi
696 1554 773 1618 Plut.
796 1574 821 1614 c.
842 1557 878 1616 11
901 1562 973 1614 extr.
999 1573 1058 1613 non
1082 1555 1190 1614 diserte
1213 1556 1431 1614 demonstraret

151 1687 183 1726 se
206 1685 272 1725 eam
292 1662 446 1723 materiam
469 1682 611 1734 resecare,
637 1669 736 1738 aperte
753 1661 988 1739 perspiceremus
1005 1681 1072 1720 euru
1083 1662 1262 1722 uberrimam
1274 1661 1431 1721 materiam

152 1775 188 1832 ah
213 1773 278 1831 aliis
302 1771 361 1830 iam
385 1776 588 1829 coacervatam
603 1776 632 1828 et
648 1769 787 1831 continua
804 1769 935 1828 oratione
951 1775 1107 1829 tractatam
1122 1769 1247 1827 breviter
1262 1768 1369 1828 forsan
1386 1768 1431 1827 hic

151 1880 210 1939 illic
234 1878 400 1938 restrictam
423 1877 673 1953 transscripsisse.

259 1984 355 2062 Atque
378 2003 451 2060 cap.
478 1989 507 2057 5,
536 2003 593 2061 quo
623 1983 789 2061 exponitur,
814 1983 960 2059 quomodo
983 1983 1066 2042 Dem.
1092 1983 1129 2042 ad
1154 1989 1247 2042 artem
1269 1982 1434 2042 oratoriam

153 2093 301 2170 impulsus
318 2091 365 2165 sit,
383 2092 420 2150 ad
436 2090 632 2167 Hermippum
648 2090 832 2149 referendum
856 2109 922 2149 esse
939 2111 966 2167 p.
986 2091 1026 2150 10
1044 2110 1108 2167 sqq.
1124 2082 1362 2150 demonstratum
1381 2097 1434 2151 est.

260 2199 292 2258 C.
312 2202 329 2258 6
347 2197 409 2256 init.
428 2197 565 2274 propriae
581 2197 697 2256 cuidam
714 2198 765 2256 sed
782 2195 922 2272 pulchrae
939 2196 1100 2257 sententiae
1115 2196 1310 2256 occurrimus.
1345 2196 1436 2257 Nam·

154 2325 211 2382 que
236 2312 392 2382 postquam
415 2304 491 2362 Plut.
518 2322 585 2362 oum
609 2303 729 2380 reliquis
753 2303 923 2380 biographis
947 2303 1134 2363 consentiens
1159 2303 1208 2377 (of.
1230 2302 1314 2380 Pspl.
1341 2305 1436 2375 844c‚

154 2413 238 2475 Phot.
264 2415 338 2484 492,
364 2413 405 2473 30
429 2410 565 2487 inprimis
589 2430 624 2469 ex
649 2411 794 2471 Midianae
816 2414 832 2482 ἓ
858 2413 921 2484 80),
947 2412 998 2470 sed
1022 2411 1155 2490 neglecta
1177 2409 1334 2468 nominum
1359 2410 1439 2469 mole

153 2519 272 2580 tradidit
281 2519 510 2577 Demosthenem
526 2517 601 2576 inter
616 2518 694 2577 viros
710 2527 861 2597 receptum
878 2519 955 2578 bona
975 2538 1029 2578 sua
1041 2539 1059 2577 a
1071 2517 1215 2577 tutoribus
1227 2517 1439 2594 perfidissimis

153 2634 285 2703 repetere
297 2624 432 2701 coepisse
442 2631 470 2683 et
480 2623 625 2683 adevictis
636 2643 672 2683 ne
685 2625 838 2685 minimam
851 2626 968 2703 quidem
979 2633 1093 2703 partem
1103 2633 1275 2702 extorquere
1291 2625 1439 2701 potuisse,

156 2734 243 2805 addit,
259 2733 334 2792 sicut
344 2733 501 2804 Laomedo,
519 2738 550 2790 ut
562 2731 630 2789 vitio
645 2731 760 2791 cuidam
779 2733 891 2810 splenis
909 2735 1082 2805 mederetur,
1100 2732 1195 2808 longis
1211 2751 1284 2790 usus
1298 2733 1441 2792 cursibus

157 2838 430 2918 praestantissimus
447 2858 558 2898 ¹cursor
582 2839 678 2897 factus
703 2838 750 2912 sit,
781 2839 822 2899 ita
845 2840 1083 2911 Demosthenem,
1113 2858 1181 2899 cum
1207 2838 1338 2915 primum
1362 2841 1444 2898 bona

157 2957 279 3026 paterna
291 2947 484 3022 recuperandi
497 2966 588 3006 causa
600 2965 685 3005 orare
695 2947 849 3023 coepisset,
868 2967 902 3006 ea
914 2968 945 3006 re
958 2947 1090 3024 peritiam
1104 2947 1221 3022 vimque
1233 2945 1288 3005 sibi
1305 2967 1443 3023 parasse,

155 3044 263 3134 quibus
287 3055 379 3113 fretus
404 3073 450 3114 res
476 3053 611 3130 publicas
635 3061 762 3113 tractare
785 3073 943 3130 aggressus
969 3055 1015 3114 sit.

264 3162 345 3220 Haec
369 3161 558 3220 consentiunt
581 3180 648 3219 cum
672 3160 780 3221 Aesch.
807 3163 835 3233 3,
862 3165 923 3221 255
954 3169 1038 3234 extr,
1068 3161 1151 3220 cuius
1182 3159 1238 3219 loci
1261 3161 1392 3236 vestigia
1417 3169 1445 3220 ct

158 3289 223 3347 cap.
248 3273 268 3329 4
292 3288 436 3345 apparere
459 3268 594 3340 vidimus,
619 3287 676 3344 quo
700 3268 785 3327 velim
809 3268 961 3344 respicias.

266 3376 298 3436 C.
317 3378 334 3435 6
353 3383 444 3438 extr.
466 3408 500 3416 -
521 3395 546 3435 c.
566 3379 583 3435 8
601 3375 685 3435 init.
703 3375 850 3434 uberrime
866 3375 1030 3452 exponitur,
1057 3375 1204 3451 quomodo
1224 3394 1241 3433 a
1258 3374 1445 3450 quibusdam

159 3484 262 3544 amicis
279 3482 385 3542 fiducia
401 3491 429 3542 et
445 3483 662 3559 perseverantia
677 3483 878 3542 inflammatus
895 3481 1028 3559 corporis
1044 3481 1113 3541 vitia
1129 3490 1157 3541 et
1173 3480 1314 3540 orationis
1328 3484 1445 3559 asperi-

159 3599 250 3651 tatem
274 3589 460 3667 potissimum
484 3596 553 3665 apta
577 3589 691 3647 actione
714 3595 742 3647 et
766 3607 883 3648 summa
906 3588 1011 3647 virium
1036 3586 1195 3647 attentione
1219 3587 1381 3648 sanaverit.

266 3698 335 3756 lude
359 3698 469 3756 factum
492 3715 568 3769 esse,
593 3704 706 3755 utnon
730 3695 867 3767 naturali,
893 3697 944 3754 sed
967 3696 1067 3755 labore
1092 3702 1176 3772 parta
1196 3694 1336 3753 facundia
1354 3697 1446 3772 vique

159 3804 273 3864 dicendi
297 3803 447 3881 praeditus
470 3803 650 3875 crederetur3
674 3803 776 3862 eadem
799 3802 835 3861 de
859 3822 950 3862 causa
965 3810 993 3861 et
1009 3803 1086 3879 quod
1104 3801 1203 3879 populi
1220 3801 1336 3861 amicus
1353 3803 1446 3863 fuerit

159 3932 226 3972 raro
249 3931 316 3972 eum
341 3931 376 3970 ex
400 3918 532 3987 tempore
554 3910 642 3968 verba
657 3909 780 3969 fecisse.

266 4019 377 4079 Deinde
393 4037 417 4077 c.
432 4020 449 4076 9
467 4023 495 4077 et
513 4019 552 4076 10
569 4016 657 4076 etiam
681 4016 848 4076 accuratius
872 4017 1035 4094 explicatur
1059 4036 1213 4094 quousque
1228 4015 1444 4078 Demosthenis

160 4126 369 4204 extemporalis
393 4125 518 4184 facultas
536 4124 716 4200 pertinuerit,
743 4132 891 4201 postremo
908 4145 932 4184 c.
953 4129 990 4188 11
1011 4124 1136 4201 scriptor
1152 4121 1304 4182 revertitur
1322 4124 1360 4182 ad
1378 4145 1445 4184 rem

161 4254 185 4294 c.
212 4236 229 4293 8
256 4234 387 4293 relictam
411 4233 566 4308 denuoque
589 4230 718 4294 Demetr.
742 4231 825 4311 Phal.
851 4239 957 4291 testem
981 4232 1130 4290 oculatum
1155 4232 1293 4301 atterens,
1328 4240 1445 4306 quanto

161 4361 229 4401 cum
253 4341 349 4401 studio
373 4339 588 4399 Demosthenes
612 4338 766 4399 obstacula
789 4338 973 4416 eloquentiae
996 4337 1142 4408 devicerit,
1170 4337 1297 4414 quidque
1323 4338 1445 4399 actione

162 4448 297 4525 effecerit,
319 4448 445 4528 denique
458 4447 589 4526 stirpem,
608 4453 764 4525 postquam
774 4445 870 4507 denuo
883 4445 996 4506 monuit
1012 4444 1121 4504 eumin
1134 4445 1445 4521 extemporedicendo
