3164 5182
615 371 819 437 .„9„

90 571 93 575 ·
190 552 301 615 Deinde
325 552 350 614 si
373 562 556 632 reputamus,
582 557 731 634 quomodo
755 575 864 617 nornen
888 535 1028 618 Demetrii
1052 555 1197 634 Magnetis
1220 576 1245 617 e.
1273 560 1312 620 15
1337 561 1366 617 et

84 681 109 724 c.
137 664 176 722 27
200 664 348 734 afferatur,
373 663 404 722 hi
427 664 484 722 loci
507 684 567 723 non
591 663 631 724 ita
654 665 818 742 comparati
842 672 920 737 sunt,
950 662 984 725 ¹ut
1007 664 1150 725 efficiatur
1173 664 1365 726 Plutarchum

83 771 286 830 antecedentia
309 789 427 846 quoque
450 778 478 830 et
503 771 713 848 subsequentia
737 792 772 832 ex
798 792 832 832 eo
855 772 1108 861 transscripsisse.

188 877 286 954 Atque
301 885 396 937 totum
418 886 508 955 caput
527 881 564 939 15
591 878 720 956 speciem
743 880 896 939 doetrinae
920 880 1017 940 habet.
1057 879 1141 953 Quod
1165 901 1182 940 a
1206 880 1365 941 Plutarcho

82 978 226 1061 inspectis
236 986 279 1045 eis
290 1005 366 1062 quos
378 987 511 1047 nominat
523 986 718 1064 scriptoribus
729 988 929 1064 compositum
939 1007 1006 1047 esse
1018 988 1145 1064 negabit,
1160 984 1367 1066 quemcunque

84 1112 144 1151 non
158 1092 265 1168 sugerit
276 1092 336 1152 iarn
349 1099 417 1152 ante
428 1093 502 1152 illud
513 1101 632 1171 tempus
643 1116 660 1154 a
671 1095 852 1154 doctissimis
866 1095 1045 1169 hominihus,
1063 1094 1205 1172 Dionysio
1216 1096 1365 1156 Halicarn.

84 1207 112 1258 et
136 1199 263 1260 Caecilio
288 1199 450 1273 Calactino,
475 1201 505 1260 in
529 1202 678 1262 orationes
702 1196 817 1262 Atticas
841 1203 1066 1278 diligentissime
1088 1203 1265 1280 inquisitum
1288 1222 1366 1277 esse,

83 1327 142 1383 quo
167 1327 300 1384 quaeque
325 1316 459 1385 ternpore
482 1309 593 1386 scripta
616 1318 667 1369 aut
690 1310 791 1369 habita
814 1318 903 1371 esset.
938 1311 1052 1386 ¹ltaque
1075 1318 1107 1369 ut
1131 1312 1221 1370 semel
1247 1310 1366 1387 quidem

83 1415 234 1490 Roesigeri
251 1415 364 1474 ratione
380 1424 455 1486 utar,
474 1415 516 1474 sic
533 1416 654 1491 colligo:
673 1417 766 1475 Nemo
783 1417 888 1494 opinor
900 1416 1009 1476 infitias
1027 1417 1150 1476 ibit'hos
1163 1417 1367 1477 nobilissimos

84 1521 161 1580 viros
174 1522 264 1581 etiam
277 1523 421 1598 Magnetis
434 1522 574 1598 historias
584 1523 737 1582 literarum
749 1520 815 1601 περὶ
826 1521 1000 1603 oovorvr'iptov
1011 1524 1172 1601 inscriptas
1189 1525 1365 1603 inspexisse.

85 1627 160 1703 Ergo
184 1628 256 1687 haec
273 1629 373 1688 omnia
389 1649 424 1689 ex
441 1649 485 1701 eo,
511 1631 561 1707 qui
577 1630 719 1689 minimus
736 1631 869 1689 omnium
885 1627 1048 1704 natusest,
1074 1640 1194 1691 auctore
1210 1634 1368 1710 desumpta

84 1755 151 1794 esse
174 1737 262 1794 credo
279 1735 296 1796 i.
315 1757 338 1795 e.
363 1756 398 1795 ex
417 1736 554 1808 Caecilio,
580 1737 664 1796 cuius
688 1738 811 1812 vestigia
834 1758 980 1814 apparere
1003 1739 1067 1798 sine
1090 1740 1151 1798 ulla
1173 1739 1253 1816 justa
1276 1759 1368 1801 causa

85 1842 225 1918 Roesiger
248 1851 336 1918 negat
360 1864 387 1920 p.
414 1846 454 1903 38
480 1864 524 1920 sq.
571 1845 628 1904 Sed
652 1845 708 1904 hoc
733 1866 786 1904 suo
811 1847 876 1904 loco
901 1847 1069 1906 accuratius
1093 1847 1365 1924 comprobabimus.

87 1948 223 2008 Ceterum
241 1951 313 2009 mihi
337 1952 513 2028 persuadere
537 1952 618 2011 nullo
643 1954 731 2011 modo
756 1972 879 2029 possum
896 1950 1078 2012 Demetrium
1094 1954 1191 2029 Magn.
1217 1954 1291 2013 libro
1315 1955 1366 2014 illo

84 2057 210 2132 catalogi
234 2058 264 2116 ni
288 2058 374 2117 fallor
396 2059 492 2117 forma
516 2059 682 2135 composito
706 2059 777 2118 talia
800 2067 861 2118 tam
886 2061 952 2119 fuse
972 2060 1153 2120 tractavisse.
1194 2061 1224 2119 ld
1248 2081 1366 2138 quoque

87 2164 274 2240 perspicuum
296 2173 344 2224 est
367 2185 402 2225 ex
427 2164 472 2237 iis,
498 2186 573 2242 quae
588 2166 645 2224 hoc
661 2167 757 2242 capite
774 2167 938 2239 traduntur,
964 2169 1045 2226 nullo
1062 2169 1150 2226 modo
1167 2168 1366 2242 colligendum

85 2291 167 2343 esse,
199 2272 321 2347 quinam
349 2271 439 2331 totius
470 2271 546 2331 vitae
575 2273 640 2331 fons
667 2270 824 2348 primarius
851 2274 946 2333 luerit.
982 2274 1150 2333 Abhorrent
1173 2273 1252 2333 enim
1276 2293 1366 2350 quam

85 2379 214 2438 maxime
231 2401 248 2438 a
264 2379 409 2456 scriptore
432 2400 479 2439 res
502 2387 600 2454 gestas
627 2380 802 2456 respiciente
818 2388 1012 2458 spectantque
1034 2382 1071 2440 ad
1088 2401 1135 2439 res
1156 2381 1365 2455 grammaticas

85 2486 244 2562 literasque
268 2487 363 2562 magis
388 2507 477 2563 quam
501 2494 533 2545 ut
554 2487 713 2563 quisquam
730 2488 906 2546 concludere
922 2487 1025 2564 possit,
1052 2486 1101 2564 qui
1118 2487 1188 2546 talia
1204 2486 1365 2564 scripserit,

84 2595 209 2652 eundem
233 2614 341 2666 meree,
366 2594 525 2669 ingenium,
551 2614 598 2653 res
622 2601 721 2669 gestas
738 2595 834 2670 magis
851 2594 1030 2671 respexisse,
1057 2614 1146 2671 quam
1163 2594 1199 2653 ad
1216 2593 1365 2653 orationes

85 2702 285 2761 aestimandas
309 2720 432 2760 neeesse
455 2700 517 2759 fuit.

191 2807 292 2867 Altera
307 2807 447 2867 Demetrii
464 2808 501 2868 M.
520 2808 629 2868 mentio
651 2827 675 2867 c.
696 2811 735 2868 27
760 2809 808 2868 fit:
834 2801 881 2866 ὅτε
903 2808 956 2867 καί
978 2825 1065 2891 φησιν
1089 2799 1175 2865 αὐτὸν
1199 2798 1214 2863 ὁ
1239 2797 1365 2885 Μάγνης

84 2906 252 2995 Δημήτριος
275 2931 302 2972 κ.
322 2931 346 2971 τ.
367 2909 394 2971 λ.
442 2915 499 2973 Sed
527 2935 563 2973 ne
586 2914 654 2973 inde
677 2914 795 2991 quidem
819 2916 917 2990 colligi
944 2922 1040 2993 potest
1062 2915 1229 2990 Magnetem
1253 2913 1365 2971 iontem

85 3021 261 3098 primarium
285 3041 360 3081 esse.
404 3021 481 3080 Nam
505 3021 602 3097 quoad
626 3040 679 3096 ego
704 3021 854 3080 Plutarchi
879 3021 1022 3081 rationem
1047 3021 1193 3080 scribendi
1218 3017 1364 3097 perspexi,

85 3130 173 3187 verba
196 3120 253 3184 ὅτε
276 3125 336 3184 καὶ
360 3148 477 3204 semper
501 3129 639 3187 fabellam
664 3129 859 3205 undecunque
882 3131 1050 3205 decerptam
1076 3127 1148 3187 etin
1166 3126 1366 3186 narrationem

85 3236 256 3295 continuam
281 3235 459 3294 inculcatam
477 3237 657 3311 praecedunt
674 3235 722 3306 (cf.
741 3255 766 3297 c.
787 3239 836 3298 17:
861 3227 909 3292 ὅτε
924 3231 976 3291 καὶ
992 3227 1122 3315 Medea).
1158 3235 1250 3293 Debet
1267 3241 1366 3292 autem
1436 3225 1438 3231 ’

87 3344 163 3402 Plut.
190 3343 265 3402 hanc
282 3342 415 3401 notitiam
437 3341 493 3401 nisi
514 3343 601 3401 fallor
616 3342 756 3402 Demetrii
780 3343 817 3403 M.
836 3342 911 3402 libro
934 3339 999 3420 sepi
1022 3332 1196 3420 ὁμονοίαςᾸ)
1213 3340 1365 3415 inscripto

86 3451 163 3509 Nam
179 3450 247 3509 talis
264 3449 330 3508 libri
347 3449 430 3508 testis
448 3456 493 3508 est
509 3449 621 3522 Cicero,
647 3449 768 3526 fierique
785 3457 891 3526 potest.
915 3456 948 3508 ut
960 3440 1148 3521 Plutarchus
1173 3468 1241 3507 curn
1258 3447 1366 3506 librum

86 3558 122 3616 tle
145 3556 232 3616 exilio
257 3558 404 3629 conderet,
430 3576 497 3614 eam
520 3556 549 3614 in
573 3557 649 3615 hanc
666 3556 853 3616 occasionem
877 3556 1078 3619 reservaverit.

193 3664 284 3723 Porro
309 3663 400 3721 altero
425 3663 490 3720 loco
515 3661 551 3735 (c.
571 3661 634 3734 28),
653 3661 701 3720 ubi
727 3662 862 3721 similiter
886 3670 975 3739 atque
999 3682 1025 3725 c.
1044 3665 1085 3724 14
1102 3661 1242 3721 Demetrii
1257 3679 1365 3721 nornen

88 3772 182 3848 patria
206 3791 264 3830 non
289 3771 442 3830 nominata
457 3777 564 3841 exstat,
590 3789 772 3849 quamquam
797 3770 933 3847 proximo
957 3790 1023 3846 cap.
1042 3773 1082 3831 27
1099 3768 1243 3844 Magnetis
1259 3768 1368 3828 diserte

86 3879 196 3938 mentio
227 3880 304 3938 facta
334 3886 396 3938 erat
423 3885 452 3936 et
482 3878 518 3936 ad
548 3875 611 3935 eius
642 3896 718 3953 opus
742 3873 807 3954 sepi
830 3873 1004 3955 ouvmvbpmv
1031 3877 1104 3936 haec
1127 3875 1231 3935 notitia
1254 3875 1369 3951 egregie

86 3988 232 4063 quadrare
247 3986 368 4059 videtur,
395 3993 493 4045 tamen
516 3983 627 4056 dubito,
653 4004 724 4043 num
741 3984 788 4042 hic
805 3984 1012 4058 intelligendus
1031 3983 1078 4045 sit.
1109 3983 1184 4042 Nam
1201 3982 1259 4042 nisi
1275 3982 1370 4042 obiter

86 4113 235 4168 nusquam
259 4094 379 4152 affertur
402 4100 430 4151 et
454 4111 523 4151 cum
546 4091 724 4150 Plutarchus
749 4092 786 4150 ab
816 4091 898 4150 initio
922 4089 1056 4149 Phalerei
1080 4088 1249 4149 testimonio
1274 4089 1367 4147 multo

86 4200 218 4259 crebrius
243 4207 342 4259 utatur
365 4207 393 4259 et
409 4219 434 4258 c.
454 4202 494 4260 14
511 4197 654 4270 Phalerei,
680 4218 739 4257 non
756 4197 901 4272 Magnetis
917 4197 1040 4272 vestigia
1055 4215 1200 4274 apparere
1224 4197 1367 4272 probasse

87 4307 158 4366 mihi
174 4307 282 4379 videar,
307 4306 355 4366 hic
372 4324 489 4382 quoque
505 4304 682 4363 Phalercum
699 4304 929 4380 intellegendum
945 4324 1013 4363 csse
1036 4310 1117 4380 puto.
1152 4302 1272 4362 Accedit
1288 4301 1366 4378 quod

194 4441 215 4508 1)
236 4445 310 4497 Idem
329 4447 491 4496 censuerunt
509 4441 670 4508 Droysen,
692 4441 754 4500 hist.
774 4457 889 4501 strceesa
904 4440 979 4493 Alex.
993 4441 1027 4493 M.
1047 4456 1072 4516 p.
1093 4441 1144 4497 679
1158 4443 1184 4492 et
1197 4439 1302 4512 Haug,
1322 4435 1366 4494 dic

86 4535 199 4610 Quellen
218 4533 370 4594 Plutarchs
389 4531 457 4591 Tuti.
478 4528 555 4589 1854.
