3164 5182
591 378 810 446 ...37-

54 567 194 629 laudatus
211 586 307 642 neque
323 567 464 625 adversus
481 565 664 642 corruptelas
680 585 838 625 munerum
851 564 923 626 satis
936 565 1065 641 undique
1077 562 1209 625 munitus
1223 547 1335 638 fuisset,

52 673 243 751 vituperavit,
257 680 360 732 contra
369 673 458 732 vitam
468 673 610 750 privatam
620 673 699 732 omni
708 675 774 733 labe
780 693 881 733 carere
889 673 1031 745 alfirmat3
1042 673 1177 750 inprimis
1190 673 1337 734 laudabile

54 801 133 855 esse,
151 783 229 858 quod
246 765 442 840 multitudinis
459 781 668 856 cupiditatibus
685 801 745 840 non
762 781 910 840 cessisset.
943 780 1054 839 Deinde
1070 779 1225 839 Theoridis
1243 799 1337 840 sacer·

54 890 143 962 dotis,
170 909 259 966 quarn
275 890 358 948 Dem.
376 888 449 947 nihil
465 887 573 946 veritus
590 889 619 948 in
637 889 683 947 ius
707 888 879 960 vocavisset,
905 887 1054 946 mentione
1078 886 1166 947 etiarn
1190 887 1284 962 magis
1301 889 1337 948 de

54 998 104 1057 via
127 998 279 1074 depulsus
306 1016 380 1072 quas
403 1015 509 1055 causas
526 996 678 1069 oravisset,
706 997 839 1074 pluribus
864 996 1020 1072 explicavit
1044 995 1162 1054 nescius
1186 994 1216 1055 ni
1240 996 1335 1069 fallor,

55 1105 180 1165 ubinam
205 1111 308 1180 postea
331 1104 408 1162 hanc
432 1123 493 1161 rem
519 1103 625 1162 melius
650 1105 801 1162 absolvere
825 1111 934 1180 posset.

163 1212 225 1271 lam
248 1230 316 1269 vero
337 1231 362 1272 c.
387 1213 425 1273 16
452 1212 488 1269 ad
513 1211 697 1286 propositum
722 1211 797 1270 redit
819 1231 914 1287 neque
937 1211 1087 1287 deinceps,
1117 1210 1224 1287 quibus
1248 1213 1336 1270 rebus

54 1319 184 1396 publicis
197 1319 348 1378 Demosth.
368 1320 422 1378 sibi
439 1320 520 1379 illam
537 1319 734 1379 immortalem
750 1320 868 1379 laudem
885 1319 1038 1396 pepererit,
1057 1338 1204 1396 exponere
1220 1318 1336 1379 desinit..

54 1426 160 1486 Verbis
177 1425 289 1506 φανερὰ
305 1418 340 1506 ἦν
357 1427 450 1504 ipsius
467 1426 617 1486 Plutarchi
633 1427 755 1502 vestigia
768 1427 955 1503 aperiuntur3
973 1434 1087 1503 spectat
1102 1426 1180 1486 haud
1196 1425 1284 1485 dubie
1300 1428 1337 1486 ad

54 1534 265 1596 Demosthenis
283 1543 368 1595 oratt.
385 1535 583 1611 Philippicam
599 1535 642 1606 11,
660 1536 696 1593 de
709 1535 863 1607 Cherson,
881 1535 1008 1611 Philipp.
1026 1535 1087 1606 lll.;
1104 1535 1152 1592 vix
1169 1533 1248 1593 enirn
1263 1533 1336 1593 haee

54 1645 145 1703 verba
169 1644 205 1703 ad
229 1644 311 1702 Dem.
339 1644 388 1714 18,
416 1645 555 1702 20-22
581 1642 735 1718 pertinent.
781 1643 936 1702 Praeterea
959 1662 1013 1702 vox
1038 1637 1277 1708 διακαίοντος
1300 1654 1336 1702 ex

55 1774 81 1815 c.
111 1753 149 1811 18
175 1772 198 1810 s.
223 1772 263 1813 m.
290 1742 322 1830 (ἡ
347 1745 379 1806 δὲ
401 1753 451 1807 τοῦ
475 1741 598 1830 ῥήτορος
621 1744 740 1829 δῦναμις
766 1783 804 1790 -
830 1745 1063 1808 διακαίουσα
1085 1747 1137 1830 τὴν
1160 1743 1335 1830 φιλοτιμίαν)

54 1860 180 1936 repetita
196 1861 371 1919 documento
390 1865 434 1917 est
446 1858 606 1917 Plutarcho
625 1859 713 1918 etiam
728 1859 880 1935 sequentia
895 1860 932 1918 ob
947 1861 1049 1918 oeulos
1062 1860 1182 1922 versari.
1216 1858 1336 1919 Senten-

54 1969 165 2028 tiarum
189 1968 268 2027 enim
291 1967 491 2026 diversitatem
514 1966 596 2025 video
620 1968 733 2026 nullam
758 1967 873 2060 (contra
896 1967 1014 2042 Roesig.
1040 1988 1069 2043 p.
1095 1967 1159 2039 41).

164 2075 248 2135 Unde
271 2075 383 2150 reliqua
406 2073 494 2132 huius
519 2074 624 2151 capitis
653 2074 761 2134 hausta
791 2075 850 2134 sint
875 2094 1029 2152 quaerens,
1060 2074 1135 2134 inter
1159 2074 1336 2135 Aeschinem

55 2192 84 2242 et
103 2184 329 2259 Theopompum
346 2182 454 2241 dubius
469 2181 585 2244 haereo.
622 2181 708 2255 Nam,
727 2183 805 2259 quod
822 2183 898 2246 Plut.
916 2183 951 2242 de
967 2182 1175 2242 Demosthenis
1192 2183 1338 2257 legatione

55 2292 93 2351 ad
110 2291 282 2367 Philippum
305 2290 401 2361 tradit,
427 2290 464 2349 ab
481 2289 637 2363 Aeschine,
663 2291 712 2367 qui
737 2290 785 2363 (de
802 2291 821 2354 f.
838 2292 917 2366 legat
933 2293 948 2361 ἕ
967 2289 1021 2360 38)
1045 2289 1118 2349 haec
1142 2291 1244 2351 habet:
1269 2285 1337 2347 πολ·

52 2393 142 2463 λοίνιις
165 2413 222 2476 μοο
245 2388 372 2475 τοῦνομα
394 2387 424 2453 ἐν
446 2399 507 2462 τοῖς
522 2390 621 2471 λόγοις
636 2387 810 2476 ὠνομάζετο.
834 2395 907 2476 πρὸς
928 2392 959 2454 δὲ
974 2389 1169 2479 Δημοσθένην
1192 2395 1239 2454 τὸν
1262 2388 1337 2454 οὕτω

54 2498 283 2579 καταγελάστως
299 2495 512 2570 ἀπαλλάξαντα
528 2494 589 2561 οὐδ’
604 2494 676 2582 ῦπὲρ
692 2496 756 2570 ἑνὸς
772 2496 877 2583 οἶμαι
892 2499 1036 2585 διελέχθη
1053 2525 1176 2581 prorsus
1190 2505 1337 2565 abhorret.

56 2615 158 2689 ltaque
189 2611 323 2687 quamvis
349 2599 511 2670 Schaefero'
530 2612 553 2669 ll
581 2614 640 2671 191
674 2613 891 2688 applaudamus
922 2612 1062 2684 monenti,
1100 2631 1136 2671 ne
1159 2611 1338 2671 Aeschinem

56 2720 176 2797 quidem
193 2719 373 2778 confidenter
386 2719 562 2778 contendere
580 2721 687 2778 audere
702 2720 873 2796 Philippum
885 2719 1094 2779 Demosthenis
1115 2721 1202 2779 verba
1217 2719 1338 2778 omnino

55 2846 116 2886 non
140 2825 317 2902 respexisse,
343 2834 442 2884 tamen
466 2832 581 2885 tantum
604 2827 725 2886 interest
749 2826 825 2886 inter
840 2827 991 2886 Plutarchi
1015 2835 1043 2886 et
1059 2826 1215 2886 Aeschinis
1239 2828 1337 2899 verba,

56 2942 89 2994 ut
113 2954 147 2993 ea
171 2934 303 2992 conferre
326 2953 449 3009 prorsus
473 2953 533 2993 non
556 2933 652 2996 liceat.
691 2935 792 3010 ltaque
816 2942 866 2993 aut
881 2934 1040 2994 Plutarcho
1065 2934 1169 3010 ingens
1193 2935 1338 3011 quaedam

55 3041 175 3102 licentia
199 3040 354 3100 insolitave
370 3040 531 3100 memoriae
553 3040 709 3100 iufirmitas
725 3041 794 3100 vitio
818 3049 863 3101 est
886 3042 984 3101 danda
1007 3049 1057 3101 aut
1082 3041 1208 3117 scriptor
1232 3041 1338 3117 aliquis

56 3148 200 3224 aequalis
219 3147 268 3225 qui
281 3146 437 3206 Aeschinis
454 3148 642 3207 mendacium
659 3157 834 3222 correxerat,
852 3149 878 3208 ei
895 3149 923 3207 in
941 3148 1077 3209 manibus
1094 3149 1158 3211 fuit.
1195 3147 1251 3220 Qui
1268 3149 1338 3225 quin

55 3257 271 3331 Theopompus
296 3255 390 3328 luerit,
416 3255 538 3315 dubium
561 3276 620 3315 non
644 3257 706 3315 fore
730 3257 876 3329 existimo,
907 3277 974 3316 curn
1000 3258 1035 3316 ad
1059 3255 1216 3316 Aeschinis
1241 3277 1339 3316 narra·

54 3364 167 3426 tionem
185 3355 234 3438 (de
251 3363 268 3421 l.
287 3364 342 3438 leg.
361 3365 376 3432 ἓ
395 3364 484 3423 112:.
497 3354 594 3419 ἐκεῖνα
618 3357 649 3419 δὲ
672 3357 730 3444 ἤδη
746 3379 773 3420 a.
790 3358 903 3446 σ’ρόδρα
919 3357 1089 3442 διωρθοῦτο·
1106 3353 1160 3420 οῦκ
1184 3354 1272 3435 εἷπον,
1297 3354 1338 3429 ὡς

54 3464 151 3535 καλὸς
167 3460 200 3525 εί·
216 3467 287 3549 γονὴ
304 3467 359 3547 γὰρ
376 3474 431 3525 τιῦν
447 3461 535 3526 ὄντων
551 3461 610 3526 ἐστὶ
625 3464 789 3530 κάλλιστον.
808 3461 868 3528 οὐδ’
884 3462 925 3536 ὡς
940 3464 1032 3538 δεινὸς
1043 3473 1183 3545 συμπιεῖν·
1200 3475 1340 3546 σπογγιᾶς

53 3575 104 3634 τὸν
120 3569 234 3634 ἔπαινον
250 3566 466 3655 ὑπολαμβάνων
482 3580 580 3633 τοῦτον
596 3568 673 3634 εἶναι.
689 3567 750 3637 οὐδ’
765 3568 806 3643 ὡς
822 3575 1007 3658 μνημονικός·
1023 3582 1159 3658 σοφιστοῦ
1171 3576 1208 3633 τὰ
1220 3581 1340 3634 τοιαῦτα

53 3681 178 3763 νομίζων
201 3676 428 3761 ἐργολαβοῦντος
451 3675 583 3762 ἐγκώμια
606 3675 690 3764 εἶναι)
715 3693 743 3744 et
760 3685 970 3762 subsequentia
986 3686 1074 3744 verba
1091 3676 1174 3758 (ὅθεν
1190 3675 1340 3742 ἐπαινοῦν-

53 3806 112 3849 των
129 3834 253 3849 ......
277 3783 433 3868 ἐγκώμιον)
459 3790 486 3849 in
504 3790 632 3867 Philippi
649 3791 842 3866 ignominiam
863 3793 941 3852 dicta
958 3791 1068 3869 optime
1085 3793 1237 3868 quadrent.
1263 3791 1339 3852 Nam

55 3905 230 3959 constat-
249 3899 277 3957 id
303 3899 380 3975 quod
404 3919 495 3976 supra
518 3899 688 3959 monuimus
712 3933 748 3941 --
774 3901 1003 3978 Theopompum
1026 3901 1094 3959 data
1122 3919 1212 3975 opera
1235 3899 1340 3959 Demo·

55 4006 171 4066 sthenis
183 4026 300 4083 quoque
313 4006 548 4066 cavillationibus
558 4006 661 4066 nixum
669 4008 798 4085 Philippi
811 4008 970 4084 imaginem
981 4007 1131 4067 effinxisse
1143 4006 1339 4079 teterrimam3

55 4114 183 4174 eundem
200 4133 251 4172 cur
268 4112 424 4189 Aeschinis
442 4114 590 4173 orationes
607 4115 644 4174 ad
660 4134 724 4174 earn
743 4136 804 4174 rem
822 4135 881 4174 non
898 4115 1078 4190 compilasse
1094 4114 1259 4190 putandum
1281 4113 1340 4174 sit?

166 4219 250 4292 Quod
274 4227 425 4295 utcunque
455 4240 487 4280 se
516 4221 613 4293 habet,
649 4241 684 4280 ex
708 4221 816 4284 Aeseh.
842 4242 883 4280 or.
909 4223 945 4280 de
969 4222 988 4284 f.
1013 4221 1069 4296 leg.
1095 4221 1124 4279 in
1148 4222 1226 4280 hanc
1249 4221 1340 4281 vitam

57 4333 177 4405 praeter
200 4326 255 4385 hos
279 4328 353 4385 duos
378 4327 461 4385 locos
486 4327 513 4399 (ξ
541 4330 579 4387 38
605 4335 632 4386 et
659 4329 733 4400 112)
757 4328 830 4387 nihil
855 4326 1000 4387 transisse
1023 4327 1148 4397 invenio,
1179 4327 1237 4388 nisi
1262 4329 1340 4405 quod

55 4436 135 4498 Plut.
162 4454 187 4494 e.
212 4437 232 4493 4
253 4465 290 4473 -
315 4453 372 4510 quo
394 4454 505 4511 quaeso
528 4434 671 4510 respicias
698 4466 735 4474 —
762 4434 992 4494 Demosthenem
1014 4435 1109 4494 Batali
1134 4453 1298 4510 cognomen
1323 4455 1340 4494 a

56 4540 158 4626 pueris
175 4549 296 4623 propter
311 4541 464 4604 nrrllitiem
482 4542 616 4622 corporis
633 4543 785 4623 accepisse
809 4541 906 4617 tradit,
931 4542 979 4605 oui
1002 4542 1128 4606 similem
1153 4542 1341 4638 traditionem
