3164 5182
717 302 932 367 ..31-

134 489 151 529 a
187 481 300 540 facetiis
325 501 441 560 quoque
466 503 553 542 usum
576 502 652 558 esse,
678 484 785 544 deserit
809 493 837 544 et
860 485 956 544 verbis
983 486 1043 545 iam
1059 484 1179 563 saepius
1196 486 1366 546 memoratis
1382 503 1408 550 c.
1428 486 1466 548 11

135 600 148 637 ἓ
186 595 261 652 extr.
285 589 362 648 hanc
385 609 449 648 rem
473 609 490 649 a
513 590 592 649 sonte
615 591 704 651 etiam
728 591 847 650 uberius
873 591 928 650 sibi
951 592 1081 650 oblatam
1106 591 1271 667 praecidit(

293 696 384 756 Hisce
414 704 527 773 septem
558 697 703 775 capitibus
727 697 904 757 Plutarchus
938 699 1024 756 solito
1048 698 1167 757 uberius
1192 706 1280 776 atque
1304 720 1321 759 a
1344 700 1466 774 ratione,

130 816 145 857 a
185 821 275 877 quam
300 822 324 862 c.
347 807 364 862 3
385 803 473 862 huius
498 803 592 881 ipsius
617 805 692 863 vitae
717 806 868 881 protessus
893 813 947 876 est,
972 805 1126 863 discedens
1151 805 1295 882 exposuit,
1322 807 1468 883 quomodo

136 926 143 957 ¹.
184 908 399 988 Demosthenes
430 911 466 968 ad
496 930 645 969 summum
669 912 742 971 artis
767 912 890 986 gradum
914 911 1086 970 escenderit.
1135 911 1220 970 Talia
1244 914 1281 971 ab
1305 912 1468 990 Hermippo

130 1034 142 1070 τ·
183 1022 310 1075 tractata
330 1037 397 1076 esse
413 1025 441 1076 et
458 1017 545 1076 certis
562 1017 654 1092 signis
671 1009 718 1094 (ἐκ
733 1015 835 1074 τοὺτου
852 1012 939 1084 δόξαν
955 1009 1033 1098 εἶχεν
1049 1009 1090 1084 ὡς
1105 1008 1160 1074 οὐκ
1176 1007 1286 1099 εὐφυὴς
1302 1009 1342 1076 ὢν
1357 1033 1384 1075 κ.
1401 1036 1423 1076 τ.
1439 1013 1467 1076 λ.

134 1142 140 1180 t
184 1124 250 1182 coll.
270 1143 337 1181 cum
354 1124 509 1201 Hermippi
526 1126 560 1184 fr.
580 1125 633 1197 59)
656 1132 684 1183 et
708 1125 771 1184 eius
796 1125 901 1198 studio,
926 1132 959 1184 ut
983 1147 1000 1184 a
1023 1125 1157 1203 partibus
1182 1126 1275 1203 plebis
1299 1128 1467 1203 praeclaros

183 1228 261 1288 viros
287 1231 404 1290 stetisse
428 1238 682 1304 commonstraret,
707 1231 893 1308 comprobari
918 1231 977 1290 iam
1002 1252 1093 1309 supra
1117 1231 1251 1293 indicavi.

290 1337 392 1414 Neque
420 1346 519 1397 autem
551 1338 689 1397 credibile
718 1346 763 1397 est
793 1359 861 1398 eum
891 1338 963 1397 haec
996 1339 1095 1398 onmia
1120 1346 1180 1398 tam
1204 1340 1285 1416 large
1309 1340 1467 1400 Plutarcho
1506 1319 1510 1328 Ι

131 1464 135 1504 r
184 1445 402 1520 suppeditasse,
427 1465 497 1504 nam
523 1446 657 1522 quamvis
682 1453 801 1505 auctore
817 1445 936 1521 Dionys
955 1445 1050 1508 Halic.
1070 1446 1116 1518 (lr.
1135 1447 1189 1518 58)
1213 1439 1338 1528 ἀκριβὴς
1358 1438 1387 1504 ἐν
1408 1451 1469 1514 τοῖς

130 1576 134 1612 :-
182 1544 285 1617 ἄλλοις
308 1553 403 1624 luerit,
429 1560 528 1610 tamen
550 1552 626 1626 inde,
653 1553 729 1629 quod
747 1552 782 1611 de
798 1553 879 1611 Isaeo
903 1552 976 1611 nihil
993 1553 1051 1611 nisi
1066 1553 1139 1612 haec
1155 1553 1242 1614 dixit:
1268 1550 1467 1635 καθηγήσατο

130 1686 132 1693 ·
181 1648 403 1740 Δημοσθένοος,
420 1657 583 1734 συνεγένετο
600 1653 631 1715 δὲ
647 1663 705 1725 τοῖς
721 1651 848 1736 ἀρίστοις
863 1662 918 1715 τῶν
939 1653 1105 1740 φιλοσόφων
1125 1660 1321 1734 colligendum
1338 1668 1383 1720 est
1399 1682 1466 1720 eum

181 1765 363 1824 brevioribus
387 1767 482 1825 verbis
507 1775 535 1826 et
558 1767 594 1825 de
617 1766 737 1843 reliquis
762 1766 927 1825 oratoribus
953 1773 980 1824 et
1004 1766 1168 1826 illustribus
1190 1767 1260 1826 viris
1277 1768 1463 1828 disseruisse.

181 1871 322 1947 Cogimur
345 1873 376 1932 in
400 1875 525 1932 eandem
549 1874 724 1933 sententiam
749 1873 791 1932 eis
816 1893 891 1949 quae
908 1873 1055 1950 capitibus
1074 1877 1178 1936 9-11
1198 1875 1369 1948 traduntur3
1394 1895 1464 1935 narn

181 1980 249 2039 licet
274 1980 353 2057 prior
377 2000 447 2056 pars
465 1981 503 2054 (c.
523 1982 554 2052 9)
572 1983 609 2040 ab
634 2001 667 2040 eo
693 1982 824 2057 profecta
849 1979 896 2054 sit,
922 1988 1020 2039 tamen
1036 1980 1239 2039 Eratosthenis
1264 1989 1291 2039 et
1314 1981 1462 2063 Aristonis

182 2087 330 2146 mentione
354 2088 390 2146 ab
415 2109 447 2147 eo
472 2089 638 2148 avertimur.
674 2088 783 2149 Contra
800 2109 824 2148 c.
845 2090 882 2150 11
903 2094 963 2146 tam
982 2088 1091 2146 diserta
1107 2086 1262 2164 Hermippi
1285 2088 1395 2147 mentio
1419 2089 1461 2164 fit,

181 2203 213 2254 ut
237 2202 379 2271 appareat
403 2215 469 2253 eum
494 2195 626 2272 proxime
651 2195 853 2254 antecedentia
876 2195 964 2253 verba
984 2195 1135 2254 Plutarchi
1158 2195 1269 2254 auctori
1294 2195 1330 2253 ad
1355 2215 1461 2253 manus

180 2301 312 2374 dedisse;
337 2321 391 2361 nec
415 2322 467 2361 cur
491 2303 604 2379 reliqua
627 2323 663 2361 ex
688 2323 721 2361 eo
745 2322 804 2361 non
828 2302 973 2374 fluxerint,
999 2303 1091 2361 ullam
1116 2322 1238 2361 causam
1262 2301 1385 2377 reperio

288 2409 366 2467 Num
382 2428 407 2471 c.
427 2411 444 2468 9
462 2410 557 2468 forma
572 2409 679 2484 dialogi
696 2430 713 2468 a
729 2409 897 2482 Plutarcho,
915 2409 965 2485 qui
981 2409 1043 2468 eius
1061 2411 1219 2469 admodum
1236 2429 1340 2467 ainans
1365 2408 1460 2482 fuerit,

180 2525 324 2594 usurpata
348 2537 385 2575 an
410 2536 445 2576 ex
469 2518 548 2576 fonte
572 2516 711 2593 primario
735 2517 880 2574 translata
904 2515 955 2589 sit,
987 2518 1024 2574 ad
1048 2537 1110 2575 rem
1134 2536 1192 2575 non
1217 2515 1358 2592 pertinet3
1391 2536 1460 2574 nam

180 2632 267 2697 certe,
293 2644 368 2701 quae
392 2624 447 2682 hoc
471 2624 567 2701 capite
590 2624 785 2695 continentur,
810 2642 870 2682 non
887 2623 950 2699 ipse
966 2624 1091 2698 collegit,
1118 2625 1168 2682 sed
1193 2624 1310 2682 aliunde
1333 2622 1350 2681 i.
1372 2642 1396 2681 e.
1423 2641 1458 2681 ex

179 2731 271 2807 stirpe
279 2731 391 2803 hausit;
401 2732 485 2803 addo,
496 2731 573 2806 qnod
581 2731 636 2789 hoc
646 2750 710 2807 cap.
720 2727 893 2806 dePythone
904 2731 1036 2802 refertur,
1047 2738 1181 2805 spectare
1189 2730 1225 2788 ad
1235 2730 1373 2802 Dem.18,
1386 2730 1457 2792 136.

287 2839 357 2896 ltem
376 2839 530 2914 paululum
546 2839 635 2897 refert
650 2846 679 2896 et
693 2838 811 2897 difficile
827 2838 907 2896 dictu
924 2843 978 2909 est,
996 2857 1068 2896 num
1085 2857 1110 2895 c.
1127 2837 1459 2913 5-11The0p0mpea

178 2944 285 3016 insint3
311 2944 336 3002 si
360 2944 469 3016 insunt,
494 2944 671 3003 Plutarchus
695 2965 729 3004 ea
752 2945 800 3004 vix
824 2945 945 3016 adiecit;
969 2944 1047 3003 idem
1063 2943 1110 3002 vix
1128 2963 1163 3002 ex
1180 2943 1245 3003 aliis
1263 2943 1457 3021 scriptoribus

178 3053 243 3129 ipse
268 3052 425 3128 supplendi
450 3071 540 3110 causa
564 3052 723 3129 quicquam
746 3052 879 3123 intrusit;
911 3072 982 3111 nam
1010 3051 1122 3110 fontem
1145 3059 1208 3109 tarn
1231 3051 1312 3126 large
1335 3051 1458 3111 {luxisse

178 3166 311 3236 apparet,
341 3167 373 3218 ut
396 3178 464 3218 eum
489 3159 668 3235 praecidisse
691 3160 790 3236 potius
815 3180 906 3236 quarn
930 3158 1130 3235 amplificasse
1153 3157 1285 3216 videatur
1309 3159 1358 3230 (cf.
1382 3177 1458 3235 quae

178 3266 294 3343 Psplut.
320 3273 347 3324 et
371 3266 454 3325 Phot.
480 3273 508 3324 et
532 3266 694 3326 Philodem.
721 3287 745 3326 c.
768 3267 840 3326 rhet.
867 3271 896 3340 4,
924 3270 962 3327 16
989 3287 1033 3343 sq.
1059 3287 1087 3343 p.
1115 3268 1176 3325 122
1194 3285 1238 3342 sq.
1256 3285 1292 3325 ex
1308 3265 1457 3324 Demetrio

179 3373 358 3450 repetierunt
382 3393 450 3432 cum
479 3373 536 3447 eiS,
566 3393 643 3450 quae
665 3374 742 3434 Plut.
767 3373 914 3446 exhibet);
946 3380 1096 3449 praeterea
1120 3372 1263 3431 nonnulla
1286 3371 1316 3430 in
1340 3379 1457 3448 tempus

176 3481 345 3555 reservarit,
370 3489 400 3539 ut
426 3501 479 3539 suo
504 3481 632 3558 quidque
655 3482 720 3541 loco
744 3489 883 3540 uteretur.

285 3588 369 3664 Cap.
390 3591 429 3648 12
446 3588 507 3648 init.
526 3589 637 3648 maiore
652 3609 688 3648 ex
713 3598 795 3666 parte
811 3587 988 3648 Plutarchus
1012 3588 1075 3665 ipse
1099 3586 1305 3664 composuisse
1328 3586 1456 3661 videtur;

176 3715 248 3757 nam
271 3697 359 3755 rerba
383 3685 502 3775 ὥρμησε
525 3693 577 3774 μὲν
676 3700 851 3762 συνεστῶτος
876 3697 911 3755 ad
935 3696 1018 3755 Dem.
1048 3698 1096 3768 18,
1125 3697 1162 3754 18
1195 3693 1295 3754 referri
1320 3702 1455 3771 possunt,

177 3824 268 3882 qnam
292 3804 456 3862 orationem
479 3803 543 3880 ipse
568 3803 699 3863 studiose
722 3805 842 3878 legerat.
881 3803 979 3862 Etiam
1002 3805 1090 3862 verba
1114 3796 1206 3883 δῆλος
1229 3792 1254 3856 δ’
1277 3792 1382 3860 ἐστὶ..
1405 3795 1456 3858 diro

176 3908 229 3990 μὲν
252 3901 298 3967 ἐπὶ
321 3913 380 3975 τοῖς
402 3908 555 3987 τριάκοντα
578 3909 703 3986 γεγονὼς
726 3903 775 3990 ’ἐτη
800 3912 836 3970 ab
860 3910 925 3986 ipso
950 3931 985 3970 ex
1010 3930 1052 3970 or.
1075 3929 1099 3971 c.
1126 3909 1194 3969 Mid.
1212 3910 1227 3978 ἕ
1248 3910 1323 3967 154ι
1349 3901 1381 3973 ὃς
1405 3901 1456 3965 δὺο

175 4014 227 4075 καὶ
249 4015 403 4096 τριάκοντα
425 4010 476 4098 ἔτη
499 4016 604 4092 γέγονα
627 4027 655 4078 et
675 4018 788 4096 reliqua
804 4019 892 4077 verba
908 4011 1030 4098 μηδέπω
1047 4007 1072 4071 δ’
1087 4009 1165 4095 ’έχων
1178 4005 1264 4094 ἰσχὺν
1280 4005 1309 4071 ἐν
1325 4019 1360 4092 τῇ
1377 4009 1456 4072 πσλι-

175 4122 238 4202 cato}
261 4140 289 4184 κ.
315 4118 402 4190 δόξαν
427 4124 503 4184 sicut
528 4127 615 4201 paulo
639 4126 715 4185 infra
739 4125 906 4202 sequentia:
932 4115 1006 4202 ὁρῶν
1027 4114 1052 4178 δ’
1067 4112 1101 4180 ob
1118 4116 1230 4204 φαῦλον
1253 4137 1281 4178 κ.
1306 4112 1401 4204 φίλοις
1423 4113 1455 4180 ab

174 4231 378 4313 πεφραγμένον
402 4252 437 4290 ex
454 4231 582 4291 Midiana
606 4231 703 4307 colligi
728 4240 900 4308 potuerunt,
926 4253 1016 4310 quam
1041 4231 1205 4291 orationem
1228 4250 1296 4289 eum
1320 4237 1456 4289 accurate

176 4340 351 4413 cognovisse
374 4339 542 4414 intellegere
565 4339 633 4399 lieet
656 4359 724 4398 cum
749 4359 784 4398 ex
808 4340 883 4399 libro
907 4341 943 4398 dc
966 4340 1048 4398 educ.
1068 4342 1096 4410 9,
1122 4358 1180 4415 quo
1204 4339 1270 4397 loco
1293 4337 1403 4413 aliquid
1420 4355 1455 4395 ex

175 4445 231 4506 hac
248 4446 380 4506 oratione
397 4446 425 4519 (ἕ
444 4446 518 4517 191)
536 4446 749 4525 transscripsit,
775 4453 838 4506 turn
855 4467 890 4507 ex
908 4445 1029 4526 proprio
1047 4446 1125 4523 quod
1142 4446 1216 4505 terre
1233 4445 1321 4505 audet
1337 4441 1453 4504 iudicio·
