3164 5182
681 314 893 383 -30,

252 498 309 560 Sed
325 519 363 562 ne
378 499 570 559 Plutarchum
593 517 628 559 ea
651 519 686 559 ex
710 500 819 559 codicis
836 499 961 559 alicuius
978 500 1224 577 annotationibus
1244 499 1438 578 excerpsisse

146 617 293 686 putemus,
315 607 495 668 monendum
517 613 562 666 est
578 614 729 666 auctorem
745 607 846 684 stirpis
862 606 936 666 tales
952 607 1091 667 minutias
1108 627 1237 667 curasse
1255 614 1289 667 et
1303 615 1439 669 accurate

145 717 182 775 de
212 714 404 792 extemporali
432 714 572 774 facultate
597 715 642 773 vel
666 715 702 773 de
726 714 818 791 plebis
843 713 948 773 studiis
971 714 1015 774 vel
1040 716 1075 774 de
1099 722 1195 774 morte
1218 714 1438 775 Demosthenis

146 821 283 899 quicquid
308 828 370 881 tum
394 821 541 880 serebatur
564 821 793 884 coacervavisse.
829 820 868 880 At
891 821 957 898 quis
981 820 1064 880 locus
1085 820 1191 896 Satyro
1215 821 1322 881 fuisse
1346 829 1438 900 potest

146 927 218 989 haec
241 928 428 1006 proferendi?
472 928 548 987 Naru
576 936 656 988 caret
678 928 792 988 ratione
815 927 930 1004 opinari
954 946 1021 988 eum
1045 936 1073 987 et
1096 929 1315 989 antecedentia
1338 930 1439 989 eodem

146 1039 302 1096 verborum
319 1044 347 1096 et
363 1036 576 1095 sententiarum
592 1035 694 1096 ordine
710 1055 744 1095 ac
762 1035 845 1107 serie,
871 1043 903 1094 ut
918 1053 997 1094 nunc
1020 1034 1154 1110 legimus,
1180 1036 1359 1096 Plutarcho
1376 1037 1438 1096 sub

147 1143 342 1216 ministrasse,
375 1161 442 1202 cum
472 1162 538 1202 eum
562 1161 750 1220 nequaquam
773 1143 846 1201 adeo
870 1142 1012 1216 elegantis
1036 1142 1134 1201 iudicii
1157 1150 1325 1220 expertem
1350 1142 1439 1204 tuisse

148 1251 338 1310 manifestum
362 1250 410 1313 sit.
458 1249 515 1309 Sed
539 1249 595 1308 hoc
619 1249 649 1308 in
672 1249 770 1327 aptius
795 1257 912 1326 tempus
936 1249 1037 1308 differo
1063 1249 1112 1323 (ad
1136 1268 1204 1327 cap.
1233 1249 1308 1323 14).

254 1357 387 1435 Capita
405 1359 508 1417 5-11
528 1376 588 1416 una
603 1357 764 1434 eademque
780 1356 892 1416 ratione
909 1356 1092 1416 aestimanda
1116 1364 1204 1429 sunt;
1229 1377 1274 1417 ne
1286 1377 1339 1435 que
1362 1357 1438 1418 euim

148 1472 299 1524 auctorem
322 1463 410 1523 huius
434 1463 526 1541 partis
551 1462 632 1538 fugit,
658 1482 715 1540 quo
740 1462 867 1539 quidque
890 1463 1011 1535 relerat3
1036 1463 1134 1540 itaque
1157 1463 1265 1524 omnia
1281 1472 1351 1526 tam
1367 1465 1439 1524 bene

148 1573 223 1631 inter
247 1591 279 1630 se
303 1569 469 1642 cohaerent,
501 1577 532 1629 ut
555 1569 671 1629 etiamsi
694 1570 771 1633 Plut.
794 1589 819 1628 c.
840 1571 877 1630 11
899 1577 972 1630 extr.
997 1589 1056 1629 non
1080 1570 1188 1630 diserte
1212 1571 1440 1632 demonstraret

150 1699 181 1738 se
205 1698 269 1737 earn
290 1676 444 1736 materiam
467 1696 609 1748 resecare,
635 1683 734 1753 aperte
751 1676 986 1753 perspiceremus
1003 1696 1070 1736 eum
1081 1677 1267 1737 uberrimam
1280 1679 1439 1739 materiam

150 1787 186 1845 ab
211 1785 276 1844 aliis
300 1784 360 1843 iam
383 1790 585 1842 coacervatam
602 1790 630 1842 et
646 1783 785 1842 continua
802 1783 933 1842 oratione
949 1790 1105 1844 tractatam
1120 1784 1247 1844 breviter
1266 1787 1379 1846 forsan
1395 1786 1438 1846 hic

149 1892 208 1951 illic
232 1891 397 1952 restrictam
420 1890 671 1967 transscripsisse.

256 1997 353 2075 Atque
376 2016 449 2074 cap.
476 2002 504 2070 5,
534 2017 591 2074 quo
621 1997 787 2075 exponitur,
812 1997 958 2074 quomodo
981 1997 1064 2057 Dem.
1090 1997 1126 2057 ad
1151 2005 1247 2058 artem
1272 2000 1439 2061 oratoriam

151 2105 298 2182 impulsus
316 2104 363 2178 sit,
381 2105 418 2164 ad
434 2104 630 2181 Hermippum
646 2105 830 2163 referendum
854 2123 920 2164 esse
937 2125 964 2182 p.
984 2106 1024 2166 10
1042 2125 1105 2182 sqq.
1122 2096 1369 2168 demonstratum
1387 2115 1439 2168 est.

258 2212 290 2271 C.
309 2215 326 2271 6
345 2211 407 2270 init.
426 2210 563 2287 propriae
579 2210 695 2270 cuidam
711 2212 763 2270 sed
780 2210 920 2287 pulchrae
936 2211 1098 2272 sententiae
1113 2211 1316 2274 occurrimus.
1353 2214 1440 2276 Nam·

152 2338 208 2395 que
234 2325 390 2395 postquam
413 2317 489 2375 Plut.
515 2336 583 2375 curn
606 2317 727 2394 reliquis
750 2317 920 2395 biographis
945 2318 1132 2378 consentiens
1156 2318 1206 2393 (cl.
1229 2317 1320 2397 Pspl.
1348 2323 1439 2393 8440,

151 2426 236 2488 Phot.
261 2427 335 2496 492,
362 2427 402 2487 30
427 2423 562 2501 inprimis
587 2444 622 2483 ex
646 2425 791 2485 Midianae
814 2429 829 2497 ἕ
856 2427 918 2498 80),
944 2428 996 2486 sed
1019 2427 1152 2500 neglecta
1174 2425 1341 2486 nominum
1365 2428 1442 2487 mole

151 2532 270 2592 tradidit
279 2531 508 2590 Demosthenem
523 2531 598 2590 inter
613 2532 691 2591 viros
708 2542 858 2611 receptum
875 2534 953 2592 bona
972 2553 1027 2593 sua
1039 2554 1056 2593 a
1068 2533 1213 2592 tutoribus
1225 2535 1442 2610 perfidissimis

151 2647 283 2716 repetere
295 2637 429 2714 coepisse
439 2645 467 2696 et
478 2637 622 2696 adevictis
634 2657 669 2696 ne
682 2639 835 2700 minimam
848 2640 966 2718 quidem
976 2649 1090 2718 partem
1100 2647 1277 2717 extorquere
1293 2643 1442 2719 potuisse,

153 2747 241 2818 addit,
256 2746 331 2804 sicut
342 2745 498 2818 Laomedo‚
516 2752 548 2804 ut
560 2745 628 2804 vitio
642 2745 758 2805 cuidam
777 2748 888 2825 splenis
906 2749 1079 2820 mederetur,
1098 2747 1192 2824 longis
1208 2767 1286 2806 usus
1300 2740 1443 2810 cursibus

154 2852 428 2931 praestantissimus
445 2872 556 2911 cursor
579 2853 675 2911 sactus
700 2853 747 2926 sit,
779 2854 819 2914 ita
842 2855 1080 2927 Demosthenem,
1111 2873 1179 2913 cum
1203 2854 1344 2931 primurn
1368 2859 1446 2918 bona

154 2970 276 3038 paterna
288 2960 481 3036 recuperandi
495 2980 585 3020 causa
598 2979 682 3019 orare
692 2962 847 3038 coepisset,
865 2982 899 3021 ea
911 2982 942 3020 re
955 2963 1088 3040 peritiam
1101 2962 1218 3038 vimque
1231 2963 1291 3022 sibi
1308 2985 1445 3041 parasse,

154 3056 261 3147 quibus
285 3069 376 3126 fretus
401 3087 448 3127 res
473 3067 608 3144 publicas
631 3075 759 3127 tractare
782 3088 940 3144 aggressus
966 3070 1012 3130 sit.

261 3173 342 3234 Haec
366 3175 555 3233 consentiunt
578 3194 646 3233 cum
669 3175 777 3236 Aesch.
804 3178 832 3248 3,
859 3180 920 3236 255
951 3184 1035 3249 extr,
1065 3177 1149 3235 cuius
1178 3175 1236 3235 loci
1260 3179 1396 3255 vestigia
1420 3187 1447 3240 et

155 3302 220 3360 cap.
246 3286 265 3342 4
289 3301 433 3358 apparere
456 3282 590 3354 vidimuS,
616 3301 673 3358 quo
697 3283 782 3341 velim
807 3283 957 3359 respicias

263 3389 295 3448 C.
313 3391 331 3448 6
350 3397 440 3452 extr.
463 3421 497 3428 -
518 3408 543 3448 c.
562 3392 580 3448 8
598 3389 682 3448 init.
700 3389 847 3449 uberrime
863 3391 1027 3467 exponitur,
1054 3391 1200 3468 quomodo
1220 3410 1239 3448 a
1256 3391 1447 3467 quibusdam

156 3497 259 3556 amicis
276 3495 382 3555 fiducia
398 3504 426 3555 et
442 3496 659 3574 perseverantia
674 3497 875 3556 inflammatus
892 3497 1024 3574 corporis
1042 3497 1110 3557 vitia
1126 3505 1154 3556 et
1168 3496 1316 3557 orationis
1331 3501 1447 3579 asperi·

156 3604 246 3663 tatem
270 3603 456 3679 potissimum
481 3610 550 3679 apta
573 3603 688 3662 actione
711 3609 739 3661 et
763 3622 880 3662 summa
903 3603 1008 3662 virium
1033 3603 1191 3663 attentione
1215 3605 1385 3667 sanaverit.

263 3710 332 3769 lnde
355 3711 465 3769 factum
489 3729 565 3783 esse,
589 3718 621 3769 ut
644 3730 703 3769 non
726 3710 864 3782 naturali,
889 3711 941 3769 sed
964 3710 1064 3769 labore
1088 3717 1172 3787 parta
1192 3709 1339 3772 facundia
1358 3715 1448 3791 vique

155 3818 270 3877 dicendi
294 3817 443 3894 praeditus
467 3818 647 3889 crederetur3
671 3817 773 3876 eadem
796 3817 831 3876 de
855 3837 946 3877 causa
962 3825 990 3876 et
1006 3818 1083 3894 quod
1100 3816 1200 3894 populi
1217 3817 1338 3879 amicus
1358 3821 1447 3882 fuerit

156 3945 222 3986 raro
245 3945 313 3984 eum
337 3944 373 3983 ex
397 3932 528 4000 tempore
550 3925 638 3982 verba
654 3923 776 3983 iecisse.

262 4032 373 4092 Deinde
389 4051 413 4091 c.
429 4035 446 4090 9
464 4038 491 4090 et
509 4032 548 4091 10
565 4030 654 4090 etiam
677 4031 844 4092 accuratius
869 4032 1031 4108 explicatur
1056 4051 1209 4109 quousque
1224 4031 1446 4096 Demosthenis

156 4139 366 4217 extemporalis
390 4139 514 4198 facultas
532 4138 712 4215 pertinuerit,
738 4146 888 4215 postremo
904 4159 929 4199 c.
950 4144 987 4202 11
1007 4139 1132 4216 scriptor
1148 4137 1302 4198 revertitur
1321 4143 1447 4204 adrem

157 4268 181 4308 c,
208 4249 225 4307 8
251 4247 384 4306 relictam
407 4247 562 4322 denuoque
585 4244 714 4308 Demetr.
739 4244 822 4325 Phal.
847 4253 953 4305 testem
977 4246 1127 4305 oculatum
1150 4246 1291 4318 allerens,
1327 4259 1446 4325 quanto

157 4375 225 4415 curn
249 4355 345 4414 studio
369 4353 583 4413 Demosthenes
608 4352 762 4413 obstacula
785 4353 969 4431 eloquentiae
992 4352 1139 4424 devicerit,
1166 4353 1295 4429 quidque
1321 4357 1446 4418 actione

158 4462 294 4539 effecerit,
316 4461 441 4541 denique
454 4461 585 4540 stirpem,
603 4466 760 4539 postquam
771 4459 866 4522 denuo
879 4461 992 4522 monuit
1008 4459 1118 4520 eumin
1130 4461 1446 4539 extemporedicendo
