3158 5152
779 367 992 434 ..38-

239 552 384 630 habemus
408 554 516 616 Aesoh.
550 556 578 628 2,
610 555 661 615 92.
707 552 802 626 Nam,
835 552 913 629 quod
937 551 1123 631 Theopompi
1157 553 1325 615 auctoritati
1356 555 1520 630 tribuimus,
1546 626 1549 632 ¹

241 664 473 726 Demosthenem
497 663 589 723 filium
614 665 753 721 esseron
777 664 1003 739 μαχαιροποιοῦ,
1028 681 1210 738 quamquam
1233 662 1310 722 idem
1339 663 1369 722 in
1394 663 1523 724 eiusdem

241 793 284 837 or.
310 774 326 845 ἓ
352 774 393 832 93
418 777 524 844 exstat,
550 771 648 830 minus
674 770 710 828 ad
733 767 811 827 hanc
835 767 1039 842 quaestionem
1063 768 1198 844 pertinet.

347 879 418 939 Mihi
443 878 562 955 quidem
585 877 635 937 diu
659 875 872 950 diligenterque
895 876 1079 951 competenti
1104 883 1132 935 et
1154 895 1202 935 res
1219 877 1256 936 ab
1276 877 1386 938 Aeseh.
1407 885 1437 937 et
1452 879 1525 942 Plut.

242 987 365 1048 traditas
383 985 566 1063 ponderanti,
584 985 756 1054 etiamnum,
775 1000 850 1059 quae
866 980 940 1039 ratio
957 981 1032 1041 inter
1048 982 1157 1047 Aesch.
1176 991 1205 1043 et
1220 984 1334 1062 Theop.
1353 986 1526 1060 intercedat,

242 1093 375 1154 omnium
399 1092 573 1153 difficillime
597 1089 732 1168 quaestio
757 1107 823 1147 esse
847 1086 969 1146 videtur.

350 1200 433 1278 Cap.
462 1202 499 1260 17
529 1198 653 1275 vestigia
683 1197 840 1275 perspicua
869 1204 939 1255 sunt
966 1205 1089 1274 excepto
1119 1219 1162 1272 eo,
1198 1201 1276 1276 quod
1304 1200 1382 1263 Phrt.
1410 1207 1529 1260 auctore

243 1308 450 1386 Theophrasto
467 1308 571 1367 afferre
593 1326 625 1365 se
646 1304 727 1377 dicit,
752 1305 862 1379 dequo
879 1301 944 1360 loco
962 1322 1061 1380 supra,
1080 1325 1148 1365 cnm
1163 1308 1200 1367 de
1216 1307 1429 1384 Theophrasto
1446 1309 1532 1368 verba

243 1417 380 1488 iacerem,
405 1414 539 1491 exposui.

265 1562 267 1567 -
348 1522 482 1600 Apparet
505 1520 585 1581 eninr
607 1522 681 1581 haec
705 1517 805 1578 omnia
821 1538 838 1576 a
854 1515 1014 1576 Plutarcho
1031 1539 1067 1578 ex
1088 1539 1130 1579 or.
1154 1522 1190 1580 de
1207 1539 1317 1580 corona
1333 1523 1368 1593 ἐξ
1388 1524 1530 1596 79-87,

244 1631 385 1703 87-94,
412 1631 475 1690 244
500 1636 529 1689 et
554 1631 615 1690 237
642 1627 802 1705 compilata
826 1642 908 1683 esse:

419 1735 496 1799 Plut.
523 1756 548 1796 c.
577 1739 614 1797 17
640 1736 682 1796 A:
1051 1737 1134 1796 Dein.
1162 1738 1212 1809 18,
1240 1738 1387 1798 79-87:

290 1845 318 1908 1,
335 1847 480 1922 πρῶτον
501 1841 553 1922 μέν
569 1833 611 1909 εἷς
627 1834 752 1918 Εὔβοιαν
769 1833 859 1920 έξὼρ-
961 1844 989 1902 1.
1002 1873 1041 1882 —
1058 1839 1209 1920 πρεσβείαν
1221 1838 1338 1923 έηραψα
1352 1875 1391 1887 -
1408 1835 1473 1902 εἶτα
1481 1841 1532 1926 τὴν

244 1967 320 2032 μησε
342 1946 410 2016 τοὺς
432 1940 602 2032 Ἀψηαίοος
912 1938 953 2013 εἰς
984 1939 1121 2024 Εὔβοιαν,
1152 1941 1227 2031 ἡνίκ’
1256 1941 1384 2028 Εὖβοίας
1415 1944 1532 2033 ἥπτετο,
1574 1950 1576 1955 ’

913 2045 974 2111 εἶτα
1003 2053 1055 2135 τὴν
1084 2048 1128 2114 ἐπ’
1157 2049 1257 2136 Ὠρεὸν
1289 2051 1399 2132 ἔξοδον,
1438 2049 1532 2117 οὐκέτ.

913 2160 1075 2242 πρεσβείαν,
1100 2181 1128 2223 ιι.
1152 2164 1203 2246 τὴν
1226 2157 1267 2234 εἰς
1284 2157 1453 2245 Ἐρέτριαν,

291 2279 860 2370 2.καταδεδοολωμένηνι’)πὸτῶντοροίν-
961 2280 1533 2370 2.έπειδὴτοράννοοςἐπεῖνοςένταὺταις

244 2412 299 2455 νων
323 2388 471 2474 Φιλίππῳ·
913 2400 976 2463 ταῖς
990 2391 1092 2455 πόλεσι
1107 2398 1290 2480 κατέστησεν.
1325 2403 1412 2474 §79;
1430 2403 1532 2462 eadem

915 2504 1035 2564 uberius
1059 2507 1196 2602 exposita
1220 2515 1288 2567 sunt
1312 2509 1328 2578 ψ
1355 2511 1444 2568 80-
1458 2512 1510 2569 82.
1574 2548 1576 2555 -

292 2631 320 2689 8.
338 2643 366 2685 ιι.
378 2621 539 2704 διαβάντες,
555 2619 666 2685 ἐκείνου
678 2625 711 2685 τὸ
725 2625 861 2708 ψήφισμα
961 2634 989 2692 3.
1014 2625 1107 2706 λέγων
1130 2645 1158 2688 τι.
1182 2631 1302 2713 γράψων
1325 2634 1341 2703 ἓ
1360 2635 1401 2692 86
1422 2665 1474 2706 -,
1499 2625 1532 2690 ἐκ

243 2732 416 2813 γράψαντος,
433 2726 580 2818 έξηλασαν
596 2731 663 2802 τοὺς
675 2727 861 2800 Μακεδόνας.
914 2741 967 2817 της
982 2727 1111 2813 Εὖβοίας
1134 2728 1150 2794 ὁ
1166 2729 1206 2793 Φ.
1223 2728 1370 2818 ἐξηλάθη.
1394 2743 1457 2807 τοῖς
1481 2739 1532 2820 μὲν

915 2836 1016 2911 ὅπλοις
1040 2834 1087 2926 ὑφ’
1110 2834 1199 2923 ὑμῶν,
1227 2849 1263 2923 τη
1293 2839 1326 2902 δὲ
1349 2838 1484 2925 πολιτεία
1506 2863 1532 2904 ιι.
1572 2820 1576 2825 ¹

915 2953 974 3018 τοῖς
997 2949 1161 3032 ψηφίσμασι
1186 2984 1223 2994 -
1249 2942 1297 3010 ὑπ’
1326 2943 1399 3031 ἐμοῦ
1432 2957 1449 3026 3
1481 2957 1531 3018 87.

534 3077 572 3137 B:
1049 3076 1132 3136 Dem.
1160 3078 1210 3150 18,
1237 3079 1391 3138 87-94:

292 3187 320 3248 1,
344 3177 523 3261 δείντερον
541 3176 574 3241 δὲ
590 3173 758 3251 Βυζαντίοις
773 3172 861 3263 έβοη-
963 3183 990 3242 1.
1016 3184 1144 3244 conssata
1168 3205 1203 3244 ex
1227 3186 1310 3244 Dein.
1338 3186 1388 3258 18,
1417 3189 1459 3246 89

244 3288 323 3373 θησε
346 3306 374 3348 ιι.
399 3283 564 3369 Περινθίοις

292 3407 860 3494 2.ὑπὸτοῦΜαιιεδόνοςπολεμουμένοις,
963 3420 990 3475 2.
1017 3417 1144 3476 conflata
1168 3437 1204 3476 ex
1228 3417 1310 3476 Dem.
1339 3419 1388 3488 18,
1417 3420 1459 3478 87

293 3545 322 3602 3.
346 3538 450 3608 πείσας
476 3537 524 3598 τὸν
552 3535 645 3621 δῆμον
672 3531 781 3620 ἀφέντα
809 3535 862 3618 την
962 3545 990 3601 3.
1005 3543 1072 3604 coll.
1089 3542 1172 3601 Dein.
1193 3544 1242 3612 18,
1258 3543 1313 3600 93:
1331 3531 1533 3620 ηπροαίρεσις

245 3641 362 3729 ἔχθραν
377 3662 405 3704 ιι.
421 3645 455 3706 τὸ
471 3645 641 3730 μεμνῆσθαι
655 3652 712 3704 τῶν
734 3643 799 3725 περὶ
814 3643 862 3702 τὸν
914 3665 934 3730 η
947 3639 1004 3728 ἐμὴ
1016 3663 1044 3706 ιι.
1057 3639 1076 3729 ἡ
1089 3638 1218 3705 πολιτεία
1230 3642 1403 3727 διεπράξατο
1412 3656 1443 3708 et
1451 3651 1532 3711 Dem.

245 3752 434 3835 συμμαχικὸν
463 3747 677 3837 ἡμαρτημένων
712 3747 862 3833 ἑκατέροις
919 3759 967 3828 18,
984 3758 1039 3815 94;
1072 3745 1154 3833 ὑμεῖς
1178 3747 1202 3812 δ’
1226 3745 1252 3811 οἱ
1275 3752 1327 3812 καί
1347 3753 1535 3836 μεμψάμενοι

246 3856 374 3942 πόλεμον
915 3857 1014 3919 πολλὰ
1030 3877 1058 3918 ιι.
1068 3856 1168 3921 δίκαια
1180 3855 1215 3920 ἂν
1231 3853 1350 3928 ἐκείνοις
1366 3893 1402 3904 —-
1416 3861 1485 3943 περὶ
1496 3855 1534 3921 ὢν

915 3960 1535 4051 ἤγνωμονηκεσανείςὖμᾱςέντοῖςέμπροσ·

915 4074 970 4136 θεν
985 4076 1102 4158 χρόνοις
1116 4068 1150 4135 οὔ
1166 4077 1253 4157 μόνον
1269 4066 1304 4134 oi>
1321 4080 1534 4156 μνησικακοῦν-

915 4201 962 4251 τες
975 4175 1043 4242 oeus
1057 4183 1220 4264 προιέμενοι
1234 4179 1301 4250 τοὺς
1312 4174 1535 4264 ἀδιιιοομένοος.

293 4312 323 4372 4.
347 4300 517 4367 ἀποστεῖλαι
540 4303 659 4389 δι’)ναμιν
682 4300 789 4383 αὐτοῖς,
814 4300 862 4392 tp'
960 4314 988 4371 4.
997 4311 1155 4370 coll.Dem.
1169 4306 1333 4398 iuuant<
1344 4298 1534 4392 ἠνὸβοηθη·

247 4409 284 4500 ης
308 4407 475 4499 ἐσώθησαν.
914 4435 970 4484 σας
982 4421 1041 4483 τοῖς
1049 4409 1215 4484 Βυζαντίοις
1231 4430 1260 4472 ιι.
1276 4413 1375 4483 σώσας
1387 4406 1498 4486 αι’)τοος
1508 4425 1534 4478 et

917 4527 972 4592 94:
990 4521 1129 4596 σώζοντες
1144 4513 1301 4606 ἐφαίνεσθε
1320 4524 1349 4598 (5
1364 4526 1407 4592 93
1419 4525 1535 4603 σῶσαι),
