3164 5182
757 291 975 361 ..10-

225 481 333 543 resad
357 479 491 541 Phalerei
516 481 637 542 tratrem
664 479 857 541 Himeraeum
873 478 1028 558 'pertinens
1051 477 1219 557 exponitur.
1258 478 1360 553 ldem,
1386 479 1442 559 qui
1465 479 1517 543 hec

225 592 313 652 mede
337 609 454 651 meeum
479 589 686 661 concluserint,
710 589 806 665 magis
829 588 1028 667 perspicient:
1576 668 1578 679 Ι

332 699 362 757 Si
380 698 508 761 Demetr.
525 698 646 774 Magnes
656 698 852 775 Hermippum
870 705 989 758 secutus
1006 695 1184 757 contrariam
1201 695 1393 756 sententiam
1412 703 1519 756 statue
1576 726 1578 755 1

225 805 284 876 bat,
309 805 376 881 ipsi,
394 825 446 864 cur
463 805 493 865 iu
509 805 690 865 centrarium
706 805 798 878 iisset,
823 806 1033 882 explicandum
1048 812 1119 867 erat.
1144 803 1180 863 Et
1196 804 1358 880 quemodo
1375 803 1409 863 id
1428 804 1520 881 potuit

224 912 281 972 nisi
305 913 385 972 lente
408 913 599 985 nominande,
623 932 659 972 ex
684 932 743 988 que
767 932 857 972 suum
878 913 1019 986 hauserit,
1044 913 1153 990 quippe
1177 912 1227 989 qui
1251 912 1302 972 his
1327 913 1520 990 temporibus

224 1029 356 1080 remotus
373 1028 461 1080 esset.
487 1020 551 1080 Hoc
568 1040 627 1079 non
640 1019 755 1090 accidit,
772 1039 842 1079 nam
859 1019 884 1078 si
900 1021 1054 1093 accideret,
1071 1019 1248 1080 Plutarchus
1262 1039 1393 1098 quoque
1406 1023 1520 1081 fontem

226 1128 393 1188 nominaret
407 1148 462 1188 nec
478 1128 659 1188 Demetrium
674 1128 713 1187 M.
729 1135 835 1187 testem
852 1127 1060 1187 secundarium
1076 1129 1201 1200 afferret,
1222 1127 1276 1203 qui
1291 1127 1375 1187 illud
1391 1136 1517 1206 repetat.

227 1235 312 1295 Certe
336 1236 416 1294 enim
439 1236 495 1294 hec
526 1255 613 1294 nemo
644 1237 741 1295 credet
769 1233 962 1295 Plutarchum
990 1235 1069 1295 hune
1097 1235 1196 1294 locum
1224 1233 1267 1293 ita
1297 1243 1518 1312 comparatum

225 1341 374 1403 invenisse
397 1344 475 1419 apud
491 1344 669 1417 Magnetem:
695 1344 876 1421 Hermippus
897 1343 1015 1419 quidem
1039 1344 1095 1402 hoe
1118 1341 1197 1414 dicit,
1222 1359 1279 1417 ege
1295 1350 1407 1402 autern
1424 1345 1519 1403 multe

225 1451 331 1511 melius
355 1450 517 1510 instructus
541 1450 608 1509 dice
631 1469 700 1511 eum
725 1450 920 1511 Anaximenis
944 1449 1121 1527 discipulum
1146 1449 1255 1521 fuisse3
1287 1449 1519 1510 animadvertas

226 1564 378 1634 praeterea
403 1557 547 1633 particula
574 1551 616 1613 δὲ
645 1557 804 1632 significari
832 1558 886 1617 has
916 1557 1035 1617 notitias
1058 1577 1094 1617 ex
1123 1554 1331 1633 compluribus
1359 1558 1450 1618 libris
1474 1558 1519 1617 de

225 1671 342 1741 eerptas
366 1664 493 1735 conecti3
527 1684 602 1740 quas
630 1685 701 1724 num
733 1666 796 1742 ipse
820 1687 858 1725 an
882 1666 967 1738 311113,
1003 1685 1091 1742 quem
1114 1665 1170 1724 hec
1197 1664 1264 1723 leco
1289 1665 1517 1743 transscripsit,

225 1770 434 1847 composuerit,
460 1790 519 1829 non
536 1771 653 1830 difficile
677 1780 722 1831 est
745 1774 915 1845 decernere3
941 1793 1011 1832 nam
1035 1773 1173 1832 abhorret
1196 1791 1288 1848 quam
1312 1774 1460 1833 maxime
1483 1775 1518 1833 ab

225 1878 341 1953 ingenie
352 1878 503 1939 Plutarchi
520 1879 637 1953 longius
654 1870 822 1939 necessarie
838 1880 954 1954 evagari
966 1880 1167 1956 minutiasque
1182 1874 1341 1938 doctorum
1352 1879 1518 1941 hominum

227 1986 362 2062 proprias
378 1987 447 2044 data
463 2005 552 2062 opera
563 2005 716 2062 quaererm
734 1986 832 2062 itaque
843 2007 936 2046 unum
949 1986 1078 2062 aliquem
1092 1986 1267 2063 scriptorem
1279 1986 1306 2044 ei
1318 1986 1401 2047 haee
1414 1989 1518 2048 emnia

227 2093 434 2170 suppeditasse
457 2095 635 2152 credendum
659 2101 718 2166 est;
743 2093 809 2169 quis
832 2093 880 2152 hic
904 2093 996 2152 luisse
1011 2094 1152 2167 videatur,
1177 2094 1253 2153 inira
1276 2093 1516 2170 explicabimus.

332 2202 444 2273 Restat,
469 2208 501 2260 ut
524 2221 712 2277 quaeramus
738 2222 810 2260 num
825 2202 947 2278 reliqua,
973 2222 1049 2278 quae
1064 2201 1225 2276 Reesigere
1241 2200 1435 2276 videbantur,
1463 2205 1517 2264 De·

225 2310 321 2369 metrii
343 2309 488 2383 Magnetis
514 2309 634 2383 vestigia
657 2316 836 2386 appareant3
861 2293 979 2384 collegit
1001 2316 1100 2368 autem
1124 2307 1224 2368 omnia
1246 2327 1282 2367 ex
1307 2327 1393 2386 cap.
1422 2315 1454 2371 5.

332 2416 465 2474 Primum
489 2416 568 2474 enim
585 2415 664 2492 (pag.
682 2415 737 2487 36)
754 2417 880 2492 probare
903 2417 1009 2488 studet,
1033 2423 1192 2493 postquam
1215 2416 1330 2492 Psplut.
1350 2411 1439 2478 844¹·
1462 2438 1517 2495 pre

225 2523 392 2597 Hegesia
415 2524 550 2598 Magnete
573 2523 758 2582 Demetrium
781 2524 946 2597 Magnetem
971 2531 1080 2583 temere
1103 2523 1222 2599 recepit,
1251 2522 1416 2600 Hermippi
1441 2527 1518 2586 rela-

225 2631 335 2689 tionem
360 2638 478 2689 auctore
502 2630 597 2689 Gellio
621 2630 656 2687 lll
684 2631 721 2689 13
751 2629 893 2688 tradentis
916 2629 1147 2689 Demosthenem
1171 2630 1341 2690 Callistrato
1366 2629 1424 2712 τὴν
1449 2630 1519 2711 περὶ

227 2729 360 2814 Ὠρωποῦ
388 2734 480 2814 κρίσιν
509 2738 623 2797 dicente
650 2738 810 2796 admodum
840 2737 1108 2796 adolescentem
1131 2737 1236 2809 fuisse,
1266 2737 1517 2814 ascriptoribus

220 2852 294 2920 pest
304 2845 502 2921 Hermippum
517 2844 690 2904 florentibus
702 2843 743 2903 ita
759 2844 946 2903 immutatam
958 2864 1033 2916 esse,
1051 2852 1083 2902 ut
1095 2843 1326 2903 Demosthenem
1342 2847 1518 2906 admodum

227 2971 382 3026 puerum
399 2951 491 3011 fuisse
507 2959 718 3011 asseverarent.
737 2950 809 3023 Quis
821 2952 898 3010 hanc
914 2950 1045 3010 fabulam
1058 2949 1098 3010 ita
1110 2951 1324 3023 deformaverit,
1342 2951 1516 3029 Reesigero

225 3079 284 3117 non
301 3058 418 3117 dillicile
433 3059 527 3131 dictu3
544 3060 652 3118 etenim
665 3079 732 3118 cum
746 3059 936 3118 Plutarchum
953 3066 1088 3117 auctores
1102 3076 1172 3117 suos
1185 3059 1222 3117 ad
1237 3059 1360 3117 verbum
1377 3061 1517 3138 exscrip-

227 3166 302 3225 sisse
325 3185 420 3242 neque
436 3167 535 3243 ipsum
552 3187 587 3226 ex
609 3167 810 3243 compluribus
826 3166 955 3225 fontibus
973 3164 1160 3240 congessisse
1175 3184 1280 3241 neque,
1305 3164 1330 3223 si
1348 3165 1515 3242 videretur,

224 3274 281 3332 hoc
304 3274 376 3332 illud
401 3294 455 3332 suo
471 3273 593 3333 arbitrie
610 3274 758 3334 addidisse
774 3274 882 3346 credat,
908 3273 999 3332 alium
1016 3262 1205 3349 scriptorem,
1226 3271 1276 3349 qui
1292 3272 1367 3332 inter
1393 3293 1468 3334 eum
1486 3284 1516 3335 et

224 3381 422 3457 Hermippum
438 3381 576 3453 sseruerit,
603 3382 718 3440 nullum
735 3381 845 3439 neverit
867 3380 924 3439 nisi
940 3379 1122 3439 Demetrium
1137 3380 1313 3454 Magnetem,
1334 3379 1418 3439 hunc
1439 3401 1514 3442 eum

225 3487 325 3560 fuisse,
351 3488 401 3564 qui
418 3490 548 3547 fabulam
571 3489 611 3548 ita
627 3489 753 3561 verterit,
778 3495 811 3546 ut
827 3489 904 3564 apud
921 3488 1002 3563 Pspl.
1020 3488 1039 3547 l.
1057 3507 1096 3546 rn.
1115 3487 1249 3561 legimus,
1274 3505 1327 3563 pre
1348 3488 1513 3563 explorato

224 3593 320 3653 habet.

331 3700 369 3759 At
392 3721 460 3759 vere
491 3721 613 3777 prorsus
641 3701 833 3760 temerarium
856 3709 901 3760 est
930 3702 1007 3761 hanc
1031 3701 1293 3772 narratiunculam,
1325 3719 1419 3775 quam
1448 3701 1513 3762 iam

224 3807 355 3882 Dreysen
381 3808 499 3879 (Philel.
517 3808 553 3865 lV
570 3807 647 3879 427)
664 3815 692 3866 et
708 3807 742 3867 A.
762 3807 900 3866 Schael'er
924 3809 1019 3883 (Dem.
1037 3827 1065 3867 u.
1083 3828 1106 3867 S.
1125 3808 1156 3867 Z.
1174 3808 1185 3866 l
1203 3808 1279 3878 276)
1303 3814 1331 3866 et
1355 3814 1427 3866 ante
1451 3809 1512 3869 hos

223 3912 433 3974 Westermann
458 3915 518 3987 (vit.
542 3916 568 3973 X
592 3934 634 3975 er.
657 3915 974 3989 Quodlinburg1833)
998 3915 1142 3990 Hegesiae
1166 3914 1276 3974 oratori
1299 3921 1327 3972 ct
1350 3913 1511 3990 historice,

224 4020 273 4096 qui
289 4021 422 4097 aequalis
438 4022 630 4081 Democharis
647 4031 718 4095 erat,
741 4025 883 4098 abrogare
899 4023 1081 4094 verebantur,
1107 4022 1156 4082 alii
1173 4020 1309 4098 scriptori
1325 4021 1510 4085 adiudicare.

330 4127 430 4201 Quod,
465 4129 490 4187 si
514 4128 759 4205 quaesiverimuS,
793 4129 941 4205 quemodo
970 4129 1102 4188 diversae
1131 4129 1198 4188 illae
1226 4129 1344 4188 fabulae
1372 4127 1452 4188 iuter
1476 4151 1512 4191 se

223 4233 380 4292 cohaerere
404 4235 566 4307 videantur,
599 4256 659 4295 nen
687 4235 747 4295 iam
776 4237 937 4294 obscurum
966 4236 1028 4295 erit.
1074 4236 1189 4296 Etenim
1214 4236 1274 4295 iam
1297 4255 1314 4294 a
1338 4235 1511 4310 Lezynshio

223 4340 391 4418 (Hermippi
408 4341 563 4418 Smyrnaei
580 4342 761 4420 peripatetici
778 4344 893 4417 fragm,
918 4343 1040 4402 Bennae
1058 4343 1155 4416 1832)
1179 4344 1236 4402 hoc
1264 4342 1511 4406 animadversum

223 4454 282 4510 est:
318 4439 408 4524 ‘Quae
432 4449 507 4510 Plut.
533 4449 615 4510 Deru.
642 4469 667 4509 c.
693 4455 710 4511 5
736 4456 845 4523 narrat,
881 4457 942 4510 tam
966 4457 1035 4510 sunt
1059 4449 1167 4510 similia
1191 4449 1341 4524 Gellianis,
1374 4457 1407 4511 ut
1437 4473 1510 4517 eum
