<?xml version="1.0" encoding="UTF-8"?>
<!DOCTYPE html PUBLIC "-//W3C//DTD XHTML 1.0 Transitional//EN"
    "http://www.w3.org/TR/xhtml1/DTD/xhtml1-transitional.dtd">
<html xmlns="http://www.w3.org/1999/xhtml" xml:lang="en" lang="en">
 <head>
  <title>
</title>
<meta http-equiv="Content-Type" content="text/html;charset=utf-8" />
  <meta name='ocr-system' content='tesseract 3.04.00' />
  <meta name='ocr-capabilities' content='ocr_page ocr_carea ocr_par ocr_line ocrx_word'/>
</head>
<body>
  <div class='ocr_page' id='page_1' title='image "./deplutarchiinde00gebhgoog_0041.png"; bbox 0 0 3158 5152; ppageno 0'>
   <div class='ocr_carea' id='block_1_1' title="bbox 790 316 1001 408">
    <p class='ocr_par' dir='ltr' id='par_1_1' title="bbox 790 316 1001 408">
     <span class='ocr_line' id='line_1_1' title="bbox 790 316 1001 408; baseline 0.024 -5"><span class='ocrx_word' id='word_1_1' title='bbox 790 316 1001 408; x_wconf 75' lang='lat'>-24·.·</span> 
     </span>
    </p>
   </div>
   <div class='ocr_carea' id='block_1_2' title="bbox 243 499 1543 4552">
    <p class='ocr_par' dir='ltr' id='par_1_2' title="bbox 246 499 1538 796">
     <span class='ocr_line' id='line_1_2' title="bbox 254 499 1535 585; baseline 0.007 -26"><span class='ocrx_word' id='word_1_2' title='bbox 254 499 354 578; x_wconf 80' lang='lat' dir='ltr'>stirpis</span> <span class='ocrx_word' id='word_1_3' title='bbox 379 500 444 578; x_wconf 87' lang='lat' dir='ltr'>ipsa</span> <span class='ocrx_word' id='word_1_4' title='bbox 469 500 527 562; x_wconf 90' lang='lat' dir='ltr'>vita</span> <span class='ocrx_word' id='word_1_5' title='bbox 550 503 736 580; x_wconf 78' lang='lat' dir='ltr'>praebentur,</span> <span class='ocrx_word' id='word_1_6' title='bbox 762 503 840 580; x_wconf 88' lang='lat' dir='ltr'>quod</span> <span class='ocrx_word' id='word_1_7' title='bbox 861 501 1047 585; x_wconf 76' lang='lat' dir='ltr'>singulorum</span> <span class='ocrx_word' id='word_1_8' title='bbox 1062 501 1193 579; x_wconf 89' lang='lat' dir='ltr'>capitum</span> <span class='ocrx_word' id='word_1_9' title='bbox 1210 501 1428 575; x_wconf 76' lang='lat' dir='ltr'>examinatione</span> <span class='ocrx_word' id='word_1_10' title='bbox 1444 503 1535 568; x_wconf 87' lang='lat' dir='ltr'>etiam</span> 
     </span>
     <span class='ocr_line' id='line_1_3' title="bbox 246 608 1538 692; baseline 0.005 -25"><span class='ocrx_word' id='word_1_11' title='bbox 246 609 363 675; x_wconf 35' lang='lat' dir='ltr'>,clarius</span> <span class='ocrx_word' id='word_1_12' title='bbox 388 608 450 667; x_wconf 88' lang='lat' dir='ltr'>lore</span> <span class='ocrx_word' id='word_1_13' title='bbox 474 629 571 687; x_wconf 89' lang='lat' dir='ltr'>spero.</span> <span class='ocrx_word' id='word_1_14' title='bbox 609 610 685 683; x_wconf 86' lang='lat' dir='ltr'>Quid</span> <span class='ocrx_word' id='word_1_15' title='bbox 710 612 787 688; x_wconf 93' lang='lat' dir='ltr'>quod</span> <span class='ocrx_word' id='word_1_16' title='bbox 804 631 862 671; x_wconf 92' lang='lat' dir='ltr'>non</span> <span class='ocrx_word' id='word_1_17' title='bbox 879 609 1050 670; x_wconf 82' lang='lat' dir='ltr'>incredibile</span> <span class='ocrx_word' id='word_1_18' title='bbox 1066 617 1111 671; x_wconf 91' lang='lat' dir='ltr'>est</span> <span class='ocrx_word' id='word_1_19' title='bbox 1125 611 1449 688; x_wconf 88' lang='lat' dir='ltr'>Pseudoplutareheam</span> <span class='ocrx_word' id='word_1_20' title='bbox 1466 634 1538 692; x_wconf 91' lang='lat' dir='ltr'>quo·</span> 
     </span>
     <span class='ocr_line' id='line_1_4' title="bbox 254 717 1296 796; baseline 0.004 -22"><span class='ocrx_word' id='word_1_21' title='bbox 254 735 310 794; x_wconf 90' lang='lat' dir='ltr'>que</span> <span class='ocrx_word' id='word_1_22' title='bbox 333 717 542 779; x_wconf 84' lang='lat' dir='ltr'>Demosthenis</span> <span class='ocrx_word' id='word_1_23' title='bbox 566 719 656 778; x_wconf 87' lang='lat' dir='ltr'>vitam</span> <span class='ocrx_word' id='word_1_24' title='bbox 679 720 716 779; x_wconf 90' lang='lat' dir='ltr'>ad</span> <span class='ocrx_word' id='word_1_25' title='bbox 740 720 828 779; x_wconf 87' lang='lat' dir='ltr'>talem</span> <span class='ocrx_word' id='word_1_26' title='bbox 855 718 977 796; x_wconf 91' lang='lat' dir='ltr'>stirpem</span> <span class='ocrx_word' id='word_1_27' title='bbox 1001 720 1196 780; x_wconf 87' lang='lat' dir='ltr'>revocandam</span> <span class='ocrx_word' id='word_1_28' title='bbox 1220 740 1296 784; x_wconf 79' lang='lat' dir='ltr'>esse.</span> 
     </span>
    </p>

    <p class='ocr_par' dir='ltr' id='par_1_3' title="bbox 243 808 1538 1332">
     <span class='ocr_line' id='line_1_5' title="bbox 243 808 1537 902; baseline 0.003 -18"><span class='ocrx_word' id='word_1_29' title='bbox 243 808 248 813; x_wconf 33' lang='lat'>⁵</span> <span class='ocrx_word' id='word_1_30' title='bbox 361 825 442 885; x_wconf 88' lang='lat' dir='ltr'>Haec</span> <span class='ocrx_word' id='word_1_31' title='bbox 473 827 532 885; x_wconf 86' lang='lat' dir='ltr'>lere</span> <span class='ocrx_word' id='word_1_32' title='bbox 563 826 598 885; x_wconf 91' lang='lat' dir='ltr'>de</span> <span class='ocrx_word' id='word_1_33' title='bbox 622 825 713 902; x_wconf 89' lang='lat' dir='ltr'>stirpe</span> <span class='ocrx_word' id='word_1_34' title='bbox 736 825 860 886; x_wconf 90' lang='lat' dir='ltr'>dicenda</span> <span class='ocrx_word' id='word_1_35' title='bbox 883 832 975 885; x_wconf 87' lang='lat' dir='ltr'>erant.</span> <span class='ocrx_word' id='word_1_36' title='bbox 1023 825 1104 899; x_wconf 84' lang='lat' dir='ltr'>Quae</span> <span class='ocrx_word' id='word_1_37' title='bbox 1128 834 1160 885; x_wconf 91' lang='lat' dir='ltr'>ut</span> <span class='ocrx_word' id='word_1_38' title='bbox 1182 827 1343 900; x_wconf 90' lang='lat' dir='ltr'>reticerem,</span> <span class='ocrx_word' id='word_1_39' title='bbox 1370 848 1387 887; x_wconf 88' lang='lat' dir='ltr'>a</span> <span class='ocrx_word' id='word_1_40' title='bbox 1411 848 1460 887; x_wconf 89' lang='lat' dir='ltr'>me</span> <span class='ocrx_word' id='word_1_41' title='bbox 1485 828 1537 888; x_wconf 87' lang='lat' dir='ltr'>inr-</span> 
     </span>
     <span class='ocr_line' id='line_1_6' title="bbox 255 931 1538 1010; baseline 0.005 -20"><span class='ocrx_word' id='word_1_42' title='bbox 255 939 370 1009; x_wconf 86' lang='lat' dir='ltr'>petrare</span> <span class='ocrx_word' id='word_1_43' title='bbox 394 952 452 991; x_wconf 91' lang='lat' dir='ltr'>non</span> <span class='ocrx_word' id='word_1_44' title='bbox 477 932 567 1008; x_wconf 91' lang='lat' dir='ltr'>potui,</span> <span class='ocrx_word' id='word_1_45' title='bbox 593 953 779 1010; x_wconf 88' lang='lat' dir='ltr'>quamquam.</span> <span class='ocrx_word' id='word_1_46' title='bbox 799 931 895 1008; x_wconf 90' lang='lat' dir='ltr'>Satyri</span> <span class='ocrx_word' id='word_1_47' title='bbox 918 952 1027 992; x_wconf 92' lang='lat' dir='ltr'>nomen</span> <span class='ocrx_word' id='word_1_48' title='bbox 1051 932 1146 992; x_wconf 89' lang='lat' dir='ltr'>adhuc</span> <span class='ocrx_word' id='word_1_49' title='bbox 1163 953 1234 993; x_wconf 89' lang='lat' dir='ltr'>sane</span> <span class='ocrx_word' id='word_1_50' title='bbox 1257 934 1419 995; x_wconf 90' lang='lat' dir='ltr'>obscurum</span> <span class='ocrx_word' id='word_1_51' title='bbox 1443 935 1538 997; x_wconf 86' lang='lat' dir='ltr'>fuisse</span> 
     </span>
     <span class='ocr_line' id='line_1_7' title="bbox 253 1024 1536 1118; baseline 0.005 -21"><span class='ocrx_word' id='word_1_52' title='bbox 253 1037 332 1098; x_wconf 89' lang='lat' dir='ltr'>baud</span> <span class='ocrx_word' id='word_1_53' title='bbox 356 1037 467 1114; x_wconf 84' lang='lat' dir='ltr'>ignoro</span> <span class='ocrx_word' id='word_1_54' title='bbox 507 1024 610 1116; x_wconf 87' lang='lat' dir='ltr'>Neque</span> <span class='ocrx_word' id='word_1_55' title='bbox 632 1040 711 1099; x_wconf 90' lang='lat' dir='ltr'>enim</span> <span class='ocrx_word' id='word_1_56' title='bbox 728 1040 798 1100; x_wconf 90' lang='lat' dir='ltr'>utile</span> <span class='ocrx_word' id='word_1_57' title='bbox 822 1060 888 1099; x_wconf 89' lang='lat' dir='ltr'>esse</span> <span class='ocrx_word' id='word_1_58' title='bbox 904 1039 1050 1113; x_wconf 90' lang='lat' dir='ltr'>existimo,</span> <span class='ocrx_word' id='word_1_59' title='bbox 1076 1060 1151 1117; x_wconf 90' lang='lat' dir='ltr'>quae</span> <span class='ocrx_word' id='word_1_60' title='bbox 1167 1040 1239 1099; x_wconf 91' lang='lat' dir='ltr'>mihi</span> <span class='ocrx_word' id='word_1_61' title='bbox 1254 1041 1303 1100; x_wconf 92' lang='lat' dir='ltr'>diu</span> <span class='ocrx_word' id='word_1_62' title='bbox 1320 1062 1354 1102; x_wconf 91' lang='lat' dir='ltr'>ac</span> <span class='ocrx_word' id='word_1_63' title='bbox 1370 1043 1536 1118; x_wconf 82' lang='lat' dir='ltr'>diligenter,</span> 
     </span>
     <span class='ocr_line' id='line_1_8' title="bbox 256 1147 1537 1225; baseline 0.003 -19"><span class='ocrx_word' id='word_1_64' title='bbox 256 1155 288 1206; x_wconf 93' lang='lat' dir='ltr'>ut</span> <span class='ocrx_word' id='word_1_65' title='bbox 312 1168 400 1224; x_wconf 90' lang='lat' dir='ltr'>quem</span> <span class='ocrx_word' id='word_1_66' title='bbox 425 1147 602 1224; x_wconf 82' lang='lat' dir='ltr'>scriptorem</span> <span class='ocrx_word' id='word_1_67' title='bbox 617 1147 791 1225; x_wconf 87' lang='lat' dir='ltr'>Hermippo,</span> <span class='ocrx_word' id='word_1_68' title='bbox 816 1148 963 1220; x_wconf 83' lang='lat' dir='ltr'>Aristone,</span> <span class='ocrx_word' id='word_1_69' title='bbox 989 1148 1183 1208; x_wconf 85' lang='lat' dir='ltr'>Eratosthene</span> <span class='ocrx_word' id='word_1_70' title='bbox 1206 1157 1301 1209; x_wconf 89' lang='lat' dir='ltr'>aetate</span> <span class='ocrx_word' id='word_1_71' title='bbox 1324 1149 1471 1210; x_wconf 87' lang='lat' dir='ltr'>minorem</span> <span class='ocrx_word' id='word_1_72' title='bbox 1497 1152 1537 1211; x_wconf 88' lang='lat' dir='ltr'>in-</span> 
     </span>
     <span class='ocr_line' id='line_1_9' title="bbox 256 1253 1433 1332; baseline 0.004 -20"><span class='ocrx_word' id='word_1_73' title='bbox 256 1254 441 1331; x_wconf 83' lang='lat' dir='ltr'>vestigarem,</span> <span class='ocrx_word' id='word_1_74' title='bbox 465 1253 605 1316; x_wconf 84' lang='lat' dir='ltr'>historias</span> <span class='ocrx_word' id='word_1_75' title='bbox 630 1254 827 1332; x_wconf 85' lang='lat' dir='ltr'>perscrutanti</span> <span class='ocrx_word' id='word_1_76' title='bbox 851 1255 980 1314; x_wconf 89' lang='lat' dir='ltr'>invenire</span> <span class='ocrx_word' id='word_1_77' title='bbox 1004 1255 1134 1330; x_wconf 91' lang='lat' dir='ltr'>contigit,</span> <span class='ocrx_word' id='word_1_78' title='bbox 1160 1276 1283 1332; x_wconf 90' lang='lat' dir='ltr'>prorsus</span> <span class='ocrx_word' id='word_1_79' title='bbox 1308 1256 1433 1319; x_wconf 87' lang='lat' dir='ltr'>abicere.</span> 
     </span>
    </p>

    <p class='ocr_par' dir='ltr' id='par_1_4' title="bbox 248 1346 1538 1545">
     <span class='ocr_line' id='line_1_10' title="bbox 248 1346 1538 1440; baseline 0.005 -21"><span class='ocrx_word' id='word_1_80' title='bbox 248 1346 250 1349; x_wconf 33' lang='lat'>⁵</span> <span class='ocrx_word' id='word_1_81' title='bbox 361 1362 422 1420; x_wconf 87' lang='lat' dir='ltr'>lam</span> <span class='ocrx_word' id='word_1_82' title='bbox 446 1381 513 1420; x_wconf 91' lang='lat' dir='ltr'>vero</span> <span class='ocrx_word' id='word_1_83' title='bbox 537 1362 744 1438; x_wconf 88' lang='lat' dir='ltr'>explicandum</span> <span class='ocrx_word' id='word_1_84' title='bbox 769 1362 832 1435; x_wconf 89' lang='lat' dir='ltr'>erit,</span> <span class='ocrx_word' id='word_1_85' title='bbox 858 1383 924 1422; x_wconf 90' lang='lat' dir='ltr'>cur</span> <span class='ocrx_word' id='word_1_86' title='bbox 948 1362 1022 1422; x_wconf 90' lang='lat' dir='ltr'>alios</span> <span class='ocrx_word' id='word_1_87' title='bbox 1038 1361 1159 1438; x_wconf 90' lang='lat' dir='ltr'>insuper</span> <span class='ocrx_word' id='word_1_88' title='bbox 1177 1362 1337 1440; x_wconf 88' lang='lat' dir='ltr'>scriptores</span> <span class='ocrx_word' id='word_1_89' title='bbox 1353 1364 1538 1438; x_wconf 85' lang='lat' dir='ltr'>adhibuisse,</span> 
     </span>
     <span class='ocr_line' id='line_1_11' title="bbox 255 1461 821 1545; baseline 0.002 -18"><span class='ocrx_word' id='word_1_90' title='bbox 255 1461 359 1540; x_wconf 84' lang='lat' dir='ltr'>deinde</span> <span class='ocrx_word' id='word_1_91' title='bbox 383 1488 471 1545; x_wconf 90' lang='lat' dir='ltr'>qnos</span> <span class='ocrx_word' id='word_1_92' title='bbox 496 1469 658 1528; x_wconf 84' lang='lat' dir='ltr'>contulisse</span> <span class='ocrx_word' id='word_1_93' title='bbox 682 1469 821 1528; x_wconf 88' lang='lat' dir='ltr'>videatur.</span> 
     </span>
    </p>

    <p class='ocr_par' dir='ltr' id='par_1_5' title="bbox 247 1575 1541 2512">
     <span class='ocr_line' id='line_1_12' title="bbox 362 1575 1539 1654; baseline 0.003 -19"><span class='ocrx_word' id='word_1_94' title='bbox 362 1576 459 1654; x_wconf 84' lang='lat' dir='ltr'>Atque</span> <span class='ocrx_word' id='word_1_95' title='bbox 480 1577 629 1636; x_wconf 89' lang='lat' dir='ltr'>nemiuem</span> <span class='ocrx_word' id='word_1_96' title='bbox 651 1578 723 1653; x_wconf 88' lang='lat' dir='ltr'>lugit</span> <span class='ocrx_word' id='word_1_97' title='bbox 746 1576 939 1636; x_wconf 87' lang='lat' dir='ltr'>Plutarchum</span> <span class='ocrx_word' id='word_1_98' title='bbox 962 1575 1074 1634; x_wconf 89' lang='lat' dir='ltr'>invitis</span> <span class='ocrx_word' id='word_1_99' title='bbox 1092 1575 1476 1637; x_wconf 86' lang='lat' dir='ltr'>virorumclarissimorum</span> <span class='ocrx_word' id='word_1_100' title='bbox 1494 1580 1539 1638; x_wconf 90' lang='lat' dir='ltr'>de·</span> 
     </span>
     <span class='ocr_line' id='line_1_13' title="bbox 256 1683 1540 1762; baseline 0.002 -20"><span class='ocrx_word' id='word_1_101' title='bbox 256 1683 418 1743; x_wconf 86' lang='lat' dir='ltr'>scribendis</span> <span class='ocrx_word' id='word_1_102' title='bbox 443 1685 478 1742; x_wconf 90' lang='lat' dir='ltr'>de</span> <span class='ocrx_word' id='word_1_103' title='bbox 502 1686 674 1744; x_wconf 87' lang='lat' dir='ltr'>muneribus</span> <span class='ocrx_word' id='word_1_104' title='bbox 706 1685 832 1762; x_wconf 90' lang='lat' dir='ltr'>publicis</span> <span class='ocrx_word' id='word_1_105' title='bbox 863 1686 923 1743; x_wconf 86' lang='lat' dir='ltr'>lere</span> <span class='ocrx_word' id='word_1_106' title='bbox 951 1684 1022 1743; x_wconf 89' lang='lat' dir='ltr'>nihil</span> <span class='ocrx_word' id='word_1_107' title='bbox 1055 1683 1142 1756; x_wconf 88' lang='lat' dir='ltr'>aliud,</span> <span class='ocrx_word' id='word_1_108' title='bbox 1174 1684 1232 1743; x_wconf 90' lang='lat' dir='ltr'>nisi</span> <span class='ocrx_word' id='word_1_109' title='bbox 1256 1687 1333 1761; x_wconf 91' lang='lat' dir='ltr'>quod</span> <span class='ocrx_word' id='word_1_110' title='bbox 1358 1686 1455 1745; x_wconf 89' lang='lat' dir='ltr'>omitti</span> <span class='ocrx_word' id='word_1_111' title='bbox 1480 1707 1540 1746; x_wconf 91' lang='lat' dir='ltr'>non</span> 
     </span>
     <span class='ocr_line' id='line_1_14' title="bbox 256 1791 1540 1869; baseline 0.002 -20"><span class='ocrx_word' id='word_1_112' title='bbox 256 1799 366 1868; x_wconf 90' lang='lat' dir='ltr'>posset,</span> <span class='ocrx_word' id='word_1_113' title='bbox 384 1793 487 1853; x_wconf 86' lang='lat' dir='ltr'>allerre</span> <span class='ocrx_word' id='word_1_114' title='bbox 501 1792 620 1851; x_wconf 89' lang='lat' dir='ltr'>solitum</span> <span class='ocrx_word' id='word_1_115' title='bbox 634 1813 708 1865; x_wconf 92' lang='lat' dir='ltr'>esse,</span> <span class='ocrx_word' id='word_1_116' title='bbox 724 1794 759 1852; x_wconf 91' lang='lat' dir='ltr'>ad</span> <span class='ocrx_word' id='word_1_117' title='bbox 772 1792 901 1852; x_wconf 87' lang='lat' dir='ltr'>indolem</span> <span class='ocrx_word' id='word_1_118' title='bbox 913 1801 1011 1851; x_wconf 87' lang='lat' dir='ltr'>autern</span> <span class='ocrx_word' id='word_1_119' title='bbox 1025 1811 1182 1868; x_wconf 89' lang='lat' dir='ltr'>moresque</span> <span class='ocrx_word' id='word_1_120' title='bbox 1194 1791 1386 1851; x_wconf 87' lang='lat' dir='ltr'>illustrandos</span> <span class='ocrx_word' id='word_1_121' title='bbox 1400 1793 1540 1869; x_wconf 86' lang='lat' dir='ltr'>plurimis</span> 
     </span>
     <span class='ocr_line' id='line_1_15' title="bbox 247 1877 1540 1976; baseline 0.002 -20"><span class='ocrx_word' id='word_1_122' title='bbox 247 1877 351 1958; x_wconf 36' lang='lat' dir='ltr'>&#39;verbis</span> <span class='ocrx_word' id='word_1_123' title='bbox 376 1919 464 1958; x_wconf 89' lang='lat' dir='ltr'>usum</span> <span class='ocrx_word' id='word_1_124' title='bbox 488 1919 553 1958; x_wconf 89' lang='lat' dir='ltr'>esse</span> <span class='ocrx_word' id='word_1_125' title='bbox 577 1907 604 1958; x_wconf 90' lang='lat' dir='ltr'>et</span> <span class='ocrx_word' id='word_1_126' title='bbox 628 1899 864 1959; x_wconf 84' lang='lat' dir='ltr'>narratiunculas</span> <span class='ocrx_word' id='word_1_127' title='bbox 882 1899 1033 1975; x_wconf 87' lang='lat' dir='ltr'>faceteque</span> <span class='ocrx_word' id='word_1_128' title='bbox 1048 1898 1127 1958; x_wconf 89' lang='lat' dir='ltr'>dicta</span> <span class='ocrx_word' id='word_1_129' title='bbox 1142 1900 1321 1972; x_wconf 89' lang='lat' dir='ltr'>cumulasse,</span> <span class='ocrx_word' id='word_1_130' title='bbox 1346 1900 1428 1976; x_wconf 89' lang='lat' dir='ltr'>quod</span> <span class='ocrx_word' id='word_1_131' title='bbox 1444 1899 1540 1976; x_wconf 91' lang='lat' dir='ltr'>ipsius</span> 
     </span>
     <span class='ocr_line' id='line_1_16' title="bbox 257 2004 1541 2091; baseline 0.002 -28"><span class='ocrx_word' id='word_1_132' title='bbox 257 2004 353 2063; x_wconf 90' lang='lat' dir='ltr'>verbis</span> <span class='ocrx_word' id='word_1_133' title='bbox 371 2005 467 2091; x_wconf 86' lang='lat' dir='ltr'>(Alex.</span> <span class='ocrx_word' id='word_1_134' title='bbox 486 2025 510 2064; x_wconf 88' lang='lat' dir='ltr'>c.</span> <span class='ocrx_word' id='word_1_135' title='bbox 527 2004 557 2077; x_wconf 88' lang='lat'>1)</span> <span class='ocrx_word' id='word_1_136' title='bbox 575 2006 647 2066; x_wconf 88' lang='lat' dir='ltr'>satis</span> <span class='ocrx_word' id='word_1_137' title='bbox 664 2008 838 2066; x_wconf 87' lang='lat' dir='ltr'>declaratur.</span> <span class='ocrx_word' id='word_1_138' title='bbox 874 2005 913 2065; x_wconf 89' lang='lat' dir='ltr'>At</span> <span class='ocrx_word' id='word_1_139' title='bbox 924 2005 1015 2082; x_wconf 86' lang='lat' dir='ltr'>stirps</span> <span class='ocrx_word' id='word_1_140' title='bbox 1029 2026 1130 2064; x_wconf 88' lang='lat' dir='ltr'>earum</span> <span class='ocrx_word' id='word_1_141' title='bbox 1142 2025 1240 2064; x_wconf 90' lang='lat' dir='ltr'>rerum</span> <span class='ocrx_word' id='word_1_142' title='bbox 1251 2006 1365 2082; x_wconf 83' lang='lat' dir='ltr'>largam</span> <span class='ocrx_word' id='word_1_143' title='bbox 1381 2006 1541 2066; x_wconf 88' lang='lat' dir='ltr'>materiam</span> 
     </span>
     <span class='ocr_line' id='line_1_17' title="bbox 257 2109 1540 2190; baseline 0.001 -19"><span class='ocrx_word' id='word_1_144' title='bbox 257 2112 400 2189; x_wconf 88' lang='lat' dir='ltr'>praebuit.</span> <span class='ocrx_word' id='word_1_145' title='bbox 447 2109 508 2171; x_wconf 56' lang='lat' dir='ltr'>&#39;Cur</span> <span class='ocrx_word' id='word_1_146' title='bbox 536 2113 592 2172; x_wconf 88' lang='lat' dir='ltr'>hac</span> <span class='ocrx_word' id='word_1_147' title='bbox 620 2121 776 2173; x_wconf 86' lang='lat' dir='ltr'>contentus</span> <span class='ocrx_word' id='word_1_148' title='bbox 805 2134 863 2172; x_wconf 90' lang='lat' dir='ltr'>non</span> <span class='ocrx_word' id='word_1_149' title='bbox 896 2119 976 2173; x_wconf 87' lang='lat' dir='ltr'>erat?</span> <span class='ocrx_word' id='word_1_150' title='bbox 1023 2113 1174 2172; x_wconf 88' lang='lat' dir='ltr'>Plutarchi</span> <span class='ocrx_word' id='word_1_151' title='bbox 1198 2133 1256 2171; x_wconf 92' lang='lat' dir='ltr'>non</span> <span class='ocrx_word' id='word_1_152' title='bbox 1280 2119 1342 2172; x_wconf 90' lang='lat' dir='ltr'>erat</span> <span class='ocrx_word' id='word_1_153' title='bbox 1366 2112 1540 2190; x_wconf 87' lang='lat' dir='ltr'>exemplum</span> 
     </span>
     <span class='ocr_line' id='line_1_18' title="bbox 259 2218 1541 2297; baseline 0.001 -19"><span class='ocrx_word' id='word_1_154' title='bbox 259 2227 412 2296; x_wconf 81' lang='lat' dir='ltr'>tamquam</span> <span class='ocrx_word' id='word_1_155' title='bbox 424 2218 528 2278; x_wconf 87' lang='lat' dir='ltr'>defixis</span> <span class='ocrx_word' id='word_1_156' title='bbox 542 2220 635 2279; x_wconf 90' lang='lat' dir='ltr'>oculis</span> <span class='ocrx_word' id='word_1_157' title='bbox 649 2221 731 2297; x_wconf 91' lang='lat' dir='ltr'>sequi</span> <span class='ocrx_word' id='word_1_158' title='bbox 749 2240 803 2280; x_wconf 91' lang='lat' dir='ltr'>nec</span> <span class='ocrx_word' id='word_1_159' title='bbox 815 2221 887 2280; x_wconf 91' lang='lat' dir='ltr'>satis</span> <span class='ocrx_word' id='word_1_160' title='bbox 899 2219 1002 2280; x_wconf 90' lang='lat' dir='ltr'>habuit</span> <span class='ocrx_word' id='word_1_161' title='bbox 1014 2219 1161 2279; x_wconf 87' lang='lat' dir='ltr'>audivisse</span> <span class='ocrx_word' id='word_1_162' title='bbox 1173 2219 1402 2279; x_wconf 86' lang='lat' dir='ltr'>Demosthenem</span> <span class='ocrx_word' id='word_1_163' title='bbox 1419 2220 1468 2278; x_wconf 92' lang='lat' dir='ltr'>bis</span> <span class='ocrx_word' id='word_1_164' title='bbox 1484 2219 1541 2279; x_wconf 92' lang='lat' dir='ltr'>illis</span> 
     </span>
     <span class='ocr_line' id='line_1_19' title="bbox 257 2325 1541 2404; baseline 0.002 -18"><span class='ocrx_word' id='word_1_165' title='bbox 257 2326 389 2386; x_wconf 87' lang='lat' dir='ltr'>moribus</span> <span class='ocrx_word' id='word_1_166' title='bbox 406 2346 493 2388; x_wconf 91' lang='lat' dir='ltr'>usum</span> <span class='ocrx_word' id='word_1_167' title='bbox 511 2347 586 2400; x_wconf 86' lang='lat' dir='ltr'>csse,</span> <span class='ocrx_word' id='word_1_168' title='bbox 605 2329 656 2387; x_wconf 91' lang='lat' dir='ltr'>sed</span> <span class='ocrx_word' id='word_1_169' title='bbox 673 2328 888 2400; x_wconf 83' lang='lat' dir='ltr'>sciscitabatur,</span> <span class='ocrx_word' id='word_1_170' title='bbox 906 2327 1012 2404; x_wconf 90' lang='lat' dir='ltr'>qulbus</span> <span class='ocrx_word' id='word_1_171' title='bbox 1029 2325 1114 2386; x_wconf 86' lang='lat' dir='ltr'>factis</span> <span class='ocrx_word' id='word_1_172' title='bbox 1131 2326 1278 2399; x_wconf 90' lang='lat' dir='ltr'>meruerit,</span> <span class='ocrx_word' id='word_1_173' title='bbox 1296 2334 1328 2386; x_wconf 90' lang='lat' dir='ltr'>ut</span> <span class='ocrx_word' id='word_1_174' title='bbox 1344 2328 1416 2388; x_wconf 90' lang='lat' dir='ltr'>talia</span> <span class='ocrx_word' id='word_1_175' title='bbox 1433 2328 1541 2389; x_wconf 89' lang='lat' dir='ltr'>iudicia</span> 
     </span>
     <span class='ocr_line' id='line_1_20' title="bbox 258 2434 1081 2512; baseline -0.001 -18"><span class='ocrx_word' id='word_1_176' title='bbox 258 2436 294 2494; x_wconf 92' lang='lat' dir='ltr'>de</span> <span class='ocrx_word' id='word_1_177' title='bbox 317 2455 351 2494; x_wconf 90' lang='lat' dir='ltr'>eo</span> <span class='ocrx_word' id='word_1_178' title='bbox 375 2436 510 2496; x_wconf 90' lang='lat' dir='ltr'>homines</span> <span class='ocrx_word' id='word_1_179' title='bbox 535 2436 613 2496; x_wconf 92' lang='lat' dir='ltr'>docti</span> <span class='ocrx_word' id='word_1_180' title='bbox 638 2434 809 2512; x_wconf 85' lang='lat' dir='ltr'>posterioris</span> <span class='ocrx_word' id='word_1_181' title='bbox 834 2435 939 2494; x_wconf 86' lang='lat' dir='ltr'>aetatis</span> <span class='ocrx_word' id='word_1_182' title='bbox 963 2435 1081 2494; x_wconf 86' lang='lat' dir='ltr'>ferrent.</span> 
     </span>
    </p>

    <p class='ocr_par' dir='ltr' id='par_1_6' title="bbox 256 2538 1540 2944">
     <span class='ocr_line' id='line_1_21' title="bbox 363 2538 1540 2623; baseline -0.001 -21"><span class='ocrx_word' id='word_1_183' title='bbox 363 2543 500 2604; x_wconf 88' lang='lat' dir='ltr'>Veritatis</span> <span class='ocrx_word' id='word_1_184' title='bbox 519 2541 613 2623; x_wconf 85' lang='lat' dir='ltr'>igitur</span> <span class='ocrx_word' id='word_1_185' title='bbox 637 2541 733 2600; x_wconf 87' lang='lat' dir='ltr'>studio</span> <span class='ocrx_word' id='word_1_186' title='bbox 759 2542 906 2617; x_wconf 88' lang='lat' dir='ltr'>impulsus</span> <span class='ocrx_word' id='word_1_187' title='bbox 923 2541 994 2599; x_wconf 90' lang='lat' dir='ltr'>mibi</span> <span class='ocrx_word' id='word_1_188' title='bbox 1012 2540 1128 2616; x_wconf 80' lang='lat' dir='ltr'>quidem</span> <span class='ocrx_word' id='word_1_189' title='bbox 1146 2540 1182 2598; x_wconf 89' lang='lat' dir='ltr'>ad</span> <span class='ocrx_word' id='word_1_190' title='bbox 1199 2538 1359 2615; x_wconf 86' lang='lat' dir='ltr'>scriptores</span> <span class='ocrx_word' id='word_1_191' title='bbox 1376 2541 1477 2616; x_wconf 88' lang='lat' dir='ltr'>magis</span> <span class='ocrx_word' id='word_1_192' title='bbox 1495 2562 1540 2601; x_wconf 90' lang='lat' dir='ltr'>res</span> 
     </span>
     <span class='ocr_line' id='line_1_22' title="bbox 257 2646 1539 2730; baseline -0.005 -16"><span class='ocrx_word' id='word_1_193' title='bbox 257 2651 449 2730; x_wconf 86' lang='lat' dir='ltr'>respicientes</span> <span class='ocrx_word' id='word_1_194' title='bbox 463 2652 577 2710; x_wconf 87' lang='lat' dir='ltr'>delatus</span> <span class='ocrx_word' id='word_1_195' title='bbox 591 2669 657 2708; x_wconf 87' lang='lat' dir='ltr'>esse</span> <span class='ocrx_word' id='word_1_196' title='bbox 674 2649 800 2720; x_wconf 88' lang='lat' dir='ltr'>videtur;</span> <span class='ocrx_word' id='word_1_197' title='bbox 826 2648 938 2708; x_wconf 87' lang='lat' dir='ltr'>accedit</span> <span class='ocrx_word' id='word_1_198' title='bbox 956 2649 1032 2724; x_wconf 86' lang='lat' dir='ltr'>qood</span> <span class='ocrx_word' id='word_1_199' title='bbox 1050 2668 1117 2706; x_wconf 91' lang='lat' dir='ltr'>vero</span> <span class='ocrx_word' id='word_1_200' title='bbox 1130 2646 1236 2706; x_wconf 89' lang='lat' dir='ltr'>artium</span> <span class='ocrx_word' id='word_1_201' title='bbox 1249 2646 1417 2719; x_wconf 81' lang='lat' dir='ltr'>liberalium</span> <span class='ocrx_word' id='word_1_202' title='bbox 1431 2648 1539 2720; x_wconf 89' lang='lat' dir='ltr'>studio,</span> 
     </span>
     <span class='ocr_line' id='line_1_23' title="bbox 258 2753 1540 2838; baseline -0.002 -20"><span class='ocrx_word' id='word_1_203' title='bbox 258 2759 374 2838; x_wconf 89' lang='lat' dir='ltr'>penitus</span> <span class='ocrx_word' id='word_1_204' title='bbox 399 2765 567 2818; x_wconf 89' lang='lat' dir='ltr'>commotus</span> <span class='ocrx_word' id='word_1_205' title='bbox 592 2755 794 2828; x_wconf 87' lang='lat' dir='ltr'>admiratione,</span> <span class='ocrx_word' id='word_1_206' title='bbox 819 2755 994 2814; x_wconf 84' lang='lat' dir='ltr'>memoriam</span> <span class='ocrx_word' id='word_1_207' title='bbox 1019 2756 1144 2814; x_wconf 89' lang='lat' dir='ltr'>condere</span> <span class='ocrx_word' id='word_1_208' title='bbox 1168 2753 1258 2812; x_wconf 89' lang='lat' dir='ltr'>voluit</span> <span class='ocrx_word' id='word_1_209' title='bbox 1283 2753 1540 2815; x_wconf 88' lang='lat' dir='ltr'>nobilissimorum</span> 
     </span>
     <span class='ocr_line' id='line_1_24' title="bbox 256 2863 601 2944; baseline -0.014 -18"><span class='ocrx_word' id='word_1_210' title='bbox 256 2865 438 2944; x_wconf 81' lang='lat' dir='ltr'>antiquitatis</span> <span class='ocrx_word' id='word_1_211' title='bbox 463 2863 601 2922; x_wconf 87' lang='lat' dir='ltr'>virorum.</span> 
     </span>
    </p>

    <p class='ocr_par' dir='ltr' id='par_1_7' title="bbox 255 2967 1540 3462">
     <span class='ocr_line' id='line_1_25' title="bbox 361 2967 1539 3055; baseline -0.003 -24"><span class='ocrx_word' id='word_1_212' title='bbox 361 2971 472 3031; x_wconf 90' lang='lat' dir='ltr'>Deinde</span> <span class='ocrx_word' id='word_1_213' title='bbox 493 2971 532 3042; x_wconf 96' lang='lat' dir='ltr'>si,</span> <span class='ocrx_word' id='word_1_214' title='bbox 559 2989 650 3047; x_wconf 91' lang='lat' dir='ltr'>quos</span> <span class='ocrx_word' id='word_1_215' title='bbox 672 2968 836 3039; x_wconf 88' lang='lat' dir='ltr'>contulerit,</span> <span class='ocrx_word' id='word_1_216' title='bbox 863 2968 936 3026; x_wconf 90' lang='lat' dir='ltr'>mihi</span> <span class='ocrx_word' id='word_1_217' title='bbox 953 2967 1110 3055; x_wconf 83' lang='lat' dir='ltr'>dicendum</span> <span class='ocrx_word' id='word_1_218' title='bbox 1128 2976 1184 3039; x_wconf 92' lang='lat' dir='ltr'>est,</span> <span class='ocrx_word' id='word_1_219' title='bbox 1212 2968 1318 3044; x_wconf 88' lang='lat' dir='ltr'>quibus</span> <span class='ocrx_word' id='word_1_220' title='bbox 1340 2988 1376 3027; x_wconf 87' lang='lat' dir='ltr'>cx</span> <span class='ocrx_word' id='word_1_221' title='bbox 1406 2969 1539 3029; x_wconf 87' lang='lat' dir='ltr'>lontibus</span> 
     </span>
     <span class='ocr_line' id='line_1_26' title="bbox 256 3075 1540 3158; baseline -0.002 -19"><span class='ocrx_word' id='word_1_222' title='bbox 256 3100 345 3158; x_wconf 91' lang='lat' dir='ltr'>quam</span> <span class='ocrx_word' id='word_1_223' title='bbox 369 3078 497 3156; x_wconf 89' lang='lat' dir='ltr'>plurima</span> <span class='ocrx_word' id='word_1_224' title='bbox 518 3077 637 3137; x_wconf 89' lang='lat' dir='ltr'>haurire</span> <span class='ocrx_word' id='word_1_225' title='bbox 661 3085 762 3154; x_wconf 89' lang='lat' dir='ltr'>posset</span> <span class='ocrx_word' id='word_1_226' title='bbox 785 3077 864 3136; x_wconf 90' lang='lat' dir='ltr'>haud</span> <span class='ocrx_word' id='word_1_227' title='bbox 888 3076 1050 3152; x_wconf 78' lang='lat' dir='ltr'>ignorabat.</span> <span class='ocrx_word' id='word_1_228' title='bbox 1091 3075 1206 3133; x_wconf 83' lang='lat' dir='ltr'>Etenim</span> <span class='ocrx_word' id='word_1_229' title='bbox 1230 3075 1279 3150; x_wconf 83' lang='lat' dir='ltr'>qm</span> <span class='ocrx_word' id='word_1_230' title='bbox 1296 3075 1395 3152; x_wconf 90' lang='lat' dir='ltr'>posuit</span> <span class='ocrx_word' id='word_1_231' title='bbox 1413 3077 1540 3145; x_wconf 82' lang='lat' dir='ltr'>lectores</span> 
     </span>
     <span class='ocr_line' id='line_1_27' title="bbox 256 3182 1540 3266; baseline -0.002 -20"><span class='ocrx_word' id='word_1_232' title='bbox 256 3186 562 3266; x_wconf 88' lang='lat' dir='ltr'>praeclarissimorum</span> <span class='ocrx_word' id='word_1_233' title='bbox 588 3185 766 3261; x_wconf 89' lang='lat' dir='ltr'>scriptorum</span> <span class='ocrx_word' id='word_1_234' title='bbox 790 3184 923 3243; x_wconf 90' lang='lat' dir='ltr'>notitiam</span> <span class='ocrx_word' id='word_1_235' title='bbox 948 3183 1102 3242; x_wconf 87' lang='lat' dir='ltr'>habituros</span> <span class='ocrx_word' id='word_1_236' title='bbox 1127 3203 1194 3240; x_wconf 90' lang='lat' dir='ltr'>esse</span> <span class='ocrx_word' id='word_1_237' title='bbox 1218 3182 1293 3254; x_wconf 91' lang='lat' dir='ltr'>(Nic.</span> <span class='ocrx_word' id='word_1_238' title='bbox 1320 3202 1382 3258; x_wconf 85' lang='lat' dir='ltr'>cap.</span> <span class='ocrx_word' id='word_1_239' title='bbox 1413 3183 1453 3256; x_wconf 78' lang='lat'>1),</span> <span class='ocrx_word' id='word_1_240' title='bbox 1483 3205 1540 3244; x_wconf 92' lang='lat' dir='ltr'>non</span> 
     </span>
     <span class='ocr_line' id='line_1_28' title="bbox 256 3289 1540 3373; baseline -0.002 -19"><span class='ocrx_word' id='word_1_241' title='bbox 256 3295 351 3373; x_wconf 81' lang='lat' dir='ltr'>potuit</span> <span class='ocrx_word' id='word_1_242' title='bbox 373 3315 433 3353; x_wconf 90' lang='lat' dir='ltr'>non</span> <span class='ocrx_word' id='word_1_243' title='bbox 456 3293 520 3370; x_wconf 87' lang='lat' dir='ltr'>ipse</span> <span class='ocrx_word' id='word_1_244' title='bbox 545 3290 681 3364; x_wconf 87' lang='lat' dir='ltr'>interiore</span> <span class='ocrx_word' id='word_1_245' title='bbox 705 3291 872 3368; x_wconf 82' lang='lat' dir='ltr'>cognitione</span> <span class='ocrx_word' id='word_1_246' title='bbox 896 3290 1131 3350; x_wconf 86' lang='lat' dir='ltr'>clarissimorum</span> <span class='ocrx_word' id='word_1_247' title='bbox 1154 3289 1307 3348; x_wconf 87' lang='lat' dir='ltr'>literarum</span> <span class='ocrx_word' id='word_1_248' title='bbox 1330 3289 1483 3350; x_wconf 87' lang='lat' dir='ltr'>luminum</span> <span class='ocrx_word' id='word_1_249' title='bbox 1501 3292 1540 3351; x_wconf 91' lang='lat' dir='ltr'>in·</span> 
     </span>
     <span class='ocr_line' id='line_1_29' title="bbox 255 3409 484 3462; baseline -0.004 -1"><span class='ocrx_word' id='word_1_250' title='bbox 255 3409 385 3462; x_wconf 89' lang='lat' dir='ltr'>structus</span> <span class='ocrx_word' id='word_1_251' title='bbox 410 3419 484 3460; x_wconf 90' lang='lat' dir='ltr'>esse.</span> 
     </span>
    </p>

    <p class='ocr_par' dir='ltr' id='par_1_8' title="bbox 256 3503 1540 4014">
     <span class='ocr_line' id='line_1_30' title="bbox 363 3503 1540 3584; baseline 0 -18"><span class='ocrx_word' id='word_1_252' title='bbox 363 3508 459 3584; x_wconf 85' lang='lat' dir='ltr'>Atque</span> <span class='ocrx_word' id='word_1_253' title='bbox 484 3507 612 3584; x_wconf 91' lang='lat' dir='ltr'>primum</span> <span class='ocrx_word' id='word_1_254' title='bbox 637 3506 755 3583; x_wconf 90' lang='lat' dir='ltr'>quidem</span> <span class='ocrx_word' id='word_1_255' title='bbox 772 3507 1015 3584; x_wconf 88' lang='lat' dir='ltr'>Theopompo</span> <span class='ocrx_word' id='word_1_256' title='bbox 1040 3503 1106 3563; x_wconf 90' lang='lat' dir='ltr'>aliis</span> <span class='ocrx_word' id='word_1_257' title='bbox 1130 3503 1159 3562; x_wconf 92' lang='lat' dir='ltr'>in</span> <span class='ocrx_word' id='word_1_258' title='bbox 1184 3503 1249 3561; x_wconf 85' lang='lat' dir='ltr'>vitis</span> <span class='ocrx_word' id='word_1_259' title='bbox 1275 3505 1540 3580; x_wconf 86' lang='lat' dir='ltr'>permultadebel.</span> 
     </span>
     <span class='ocr_line' id='line_1_31' title="bbox 257 3599 1540 3691; baseline -0.002 -17"><span class='ocrx_word' id='word_1_260' title='bbox 257 3614 354 3687; x_wconf 87' lang='lat' dir='ltr'>Quid?</span> <span class='ocrx_word' id='word_1_261' title='bbox 378 3635 485 3674; x_wconf 89' lang='lat' dir='ltr'>eumne</span> <span class='ocrx_word' id='word_1_262' title='bbox 508 3614 698 3691; x_wconf 89' lang='lat' dir='ltr'>potissimum</span> <span class='ocrx_word' id='word_1_263' title='bbox 722 3599 853 3673; x_wconf 82' lang='lat' dir='ltr'>excussit</span> <span class='ocrx_word' id='word_1_264' title='bbox 871 3613 1055 3690; x_wconf 91' lang='lat' dir='ltr'>scriptorem,</span> <span class='ocrx_word' id='word_1_265' title='bbox 1081 3630 1167 3687; x_wconf 88' lang='lat' dir='ltr'>quem</span> <span class='ocrx_word' id='word_1_266' title='bbox 1186 3618 1305 3687; x_wconf 86' lang='lat' dir='ltr'>propter</span> <span class='ocrx_word' id='word_1_267' title='bbox 1321 3610 1540 3687; x_wconf 89' lang='lat' dir='ltr'>malignitatem</span> 
     </span>
     <span class='ocr_line' id='line_1_32' title="bbox 256 3719 1538 3798; baseline -0.001 -17"><span class='ocrx_word' id='word_1_268' title='bbox 256 3742 316 3781; x_wconf 91' lang='lat' dir='ltr'>non</span> <span class='ocrx_word' id='word_1_269' title='bbox 340 3723 430 3781; x_wconf 91' lang='lat' dir='ltr'>semel</span> <span class='ocrx_word' id='word_1_270' title='bbox 456 3742 554 3780; x_wconf 91' lang='lat' dir='ltr'>severe</span> <span class='ocrx_word' id='word_1_271' title='bbox 577 3721 781 3798; x_wconf 75' lang='lat' dir='ltr'>reprehendit?</span> <span class='ocrx_word' id='word_1_272' title='bbox 807 3723 842 3780; x_wconf 85' lang='lat' dir='ltr'>cl.</span> <span class='ocrx_word' id='word_1_273' title='bbox 869 3720 995 3796; x_wconf 89' lang='lat' dir='ltr'>exempli</span> <span class='ocrx_word' id='word_1_274' title='bbox 1021 3738 1112 3777; x_wconf 86' lang='lat' dir='ltr'>causa</span> <span class='ocrx_word' id='word_1_275' title='bbox 1136 3719 1202 3793; x_wconf 88' lang='lat' dir='ltr'>Lys.</span> <span class='ocrx_word' id='word_1_276' title='bbox 1229 3737 1253 3776; x_wconf 93' lang='lat' dir='ltr'>c.</span> <span class='ocrx_word' id='word_1_277' title='bbox 1278 3721 1328 3791; x_wconf 89' lang='lat'>30,</span> <span class='ocrx_word' id='word_1_278' title='bbox 1354 3719 1389 3777; x_wconf 93' lang='lat' dir='ltr'>de</span> <span class='ocrx_word' id='word_1_279' title='bbox 1415 3720 1538 3796; x_wconf 87' lang='lat' dir='ltr'>malign.</span> 
     </span>
     <span class='ocr_line' id='line_1_33' title="bbox 256 3825 1540 3906; baseline -0.001 -19"><span class='ocrx_word' id='word_1_280' title='bbox 256 3829 364 3888; x_wconf 88' lang='lat' dir='ltr'>Herod.</span> <span class='ocrx_word' id='word_1_281' title='bbox 385 3850 410 3905; x_wconf 92' lang='lat' dir='ltr'>p.</span> <span class='ocrx_word' id='word_1_282' title='bbox 431 3831 522 3901; x_wconf 74' lang='lat' dir='ltr'>asta,</span> <span class='ocrx_word' id='word_1_283' title='bbox 549 3849 677 3906; x_wconf 88' lang='lat' dir='ltr'>quocum</span> <span class='ocrx_word' id='word_1_284' title='bbox 702 3837 730 3888; x_wconf 92' lang='lat' dir='ltr'>et</span> <span class='ocrx_word' id='word_1_285' title='bbox 753 3848 829 3905; x_wconf 88' lang='lat' dir='ltr'>quae</span> <span class='ocrx_word' id='word_1_286' title='bbox 844 3828 963 3903; x_wconf 87' lang='lat' dir='ltr'>Dionys.</span> <span class='ocrx_word' id='word_1_287' title='bbox 982 3825 1076 3884; x_wconf 91' lang='lat' dir='ltr'>Halic.</span> <span class='ocrx_word' id='word_1_288' title='bbox 1099 3825 1135 3883; x_wconf 92' lang='lat' dir='ltr'>de</span> <span class='ocrx_word' id='word_1_289' title='bbox 1158 3833 1212 3883; x_wconf 90' lang='lat' dir='ltr'>vet.</span> <span class='ocrx_word' id='word_1_290' title='bbox 1232 3825 1331 3902; x_wconf 87' lang='lat' dir='ltr'>script.</span> <span class='ocrx_word' id='word_1_291' title='bbox 1355 3845 1437 3886; x_wconf 74' lang='lat' dir='ltr'>cena.</span> <span class='ocrx_word' id='word_1_292' title='bbox 1467 3830 1497 3900; x_wconf 87' lang='lat'>3,</span> <span class='ocrx_word' id='word_1_293' title='bbox 1524 3831 1540 3889; x_wconf 83' lang='lat'><strong>3</strong></span> 
     </span>
     <span class='ocr_line' id='line_1_34' title="bbox 258 3932 1431 4014; baseline -0.002 -18"><span class='ocrx_word' id='word_1_294' title='bbox 258 3943 284 3996; x_wconf 88' lang='lat' dir='ltr'>et</span> <span class='ocrx_word' id='word_1_295' title='bbox 308 3939 344 3996; x_wconf 93' lang='lat' dir='ltr'>de</span> <span class='ocrx_word' id='word_1_296' title='bbox 368 3957 500 4014; x_wconf 91' lang='lat' dir='ltr'>compos.</span> <span class='ocrx_word' id='word_1_297' title='bbox 526 3939 604 3996; x_wconf 89' lang='lat' dir='ltr'>verb.</span> <span class='ocrx_word' id='word_1_298' title='bbox 631 3941 650 3997; x_wconf 86' lang='grc'>4</span> <span class='ocrx_word' id='word_1_299' title='bbox 675 3956 703 4014; x_wconf 92' lang='lat' dir='ltr'>p.</span> <span class='ocrx_word' id='word_1_300' title='bbox 730 3939 769 3997; x_wconf 88' lang='grc'>30</span> <span class='ocrx_word' id='word_1_301' title='bbox 795 3936 865 3995; x_wconf 89' lang='lat' dir='ltr'>dicit</span> <span class='ocrx_word' id='word_1_302' title='bbox 890 3943 916 3995; x_wconf 91' lang='lat' dir='ltr'>et</span> <span class='ocrx_word' id='word_1_303' title='bbox 941 3935 1067 3995; x_wconf 90' lang='lat' dir='ltr'>aliorum</span> <span class='ocrx_word' id='word_1_304' title='bbox 1092 3952 1218 3991; x_wconf 90' lang='lat' dir='ltr'>censura</span> <span class='ocrx_word' id='word_1_305' title='bbox 1243 3932 1431 3994; x_wconf 89' lang='lat' dir='ltr'>conveniunt.</span> 
     </span>
    </p>

    <p class='ocr_par' dir='ltr' id='par_1_9' title="bbox 257 4039 1543 4552">
     <span class='ocr_line' id='line_1_35' title="bbox 365 4039 1542 4120; baseline 0.001 -18"><span class='ocrx_word' id='word_1_306' title='bbox 365 4043 403 4103; x_wconf 92' lang='lat' dir='ltr'>At</span> <span class='ocrx_word' id='word_1_307' title='bbox 419 4044 507 4116; x_wconf 81' lang='lat' dir='ltr'>Plut,</span> <span class='ocrx_word' id='word_1_308' title='bbox 533 4043 700 4120; x_wconf 88' lang='lat' dir='ltr'>ubicunque</span> <span class='ocrx_word' id='word_1_309' title='bbox 716 4043 780 4120; x_wconf 88' lang='lat' dir='ltr'>ipse</span> <span class='ocrx_word' id='word_1_310' title='bbox 797 4043 916 4120; x_wconf 90' lang='lat' dir='ltr'>propria</span> <span class='ocrx_word' id='word_1_311' title='bbox 939 4062 1038 4101; x_wconf 90' lang='lat' dir='ltr'>rerum</span> <span class='ocrx_word' id='word_1_312' title='bbox 1062 4039 1285 4114; x_wconf 82' lang='lat' dir='ltr'>investigatione</span> <span class='ocrx_word' id='word_1_313' title='bbox 1309 4039 1419 4099; x_wconf 91' lang='lat' dir='ltr'>iudicio</span> <span class='ocrx_word' id='word_1_314' title='bbox 1444 4044 1542 4103; x_wconf 87' lang='lat' dir='ltr'>valere</span> 
     </span>
     <span class='ocr_line' id='line_1_36' title="bbox 257 4146 1542 4227; baseline -0.001 -17"><span class='ocrx_word' id='word_1_315' title='bbox 257 4172 288 4210; x_wconf 91' lang='lat' dir='ltr'>se</span> <span class='ocrx_word' id='word_1_316' title='bbox 301 4151 380 4223; x_wconf 88' lang='lat' dir='ltr'>vidit,</span> <span class='ocrx_word' id='word_1_317' title='bbox 393 4151 458 4227; x_wconf 89' lang='lat' dir='ltr'>ipse</span> <span class='ocrx_word' id='word_1_318' title='bbox 471 4171 546 4227; x_wconf 90' lang='lat' dir='ltr'>quae</span> <span class='ocrx_word' id='word_1_319' title='bbox 559 4173 576 4210; x_wconf 91' lang='lat' dir='ltr'>a</span> <span class='ocrx_word' id='word_1_320' title='bbox 588 4170 656 4210; x_wconf 90' lang='lat' dir='ltr'>vero</span> <span class='ocrx_word' id='word_1_321' title='bbox 667 4151 825 4210; x_wconf 88' lang='lat' dir='ltr'>abhorrere</span> <span class='ocrx_word' id='word_1_322' title='bbox 839 4150 893 4209; x_wconf 91' lang='lat' dir='ltr'>sibi</span> <span class='ocrx_word' id='word_1_323' title='bbox 906 4150 1071 4208; x_wconf 91' lang='lat' dir='ltr'>viderentur</span> <span class='ocrx_word' id='word_1_324' title='bbox 1083 4154 1133 4206; x_wconf 88' lang='lat' dir='ltr'>aut</span> <span class='ocrx_word' id='word_1_325' title='bbox 1144 4146 1307 4222; x_wconf 90' lang='lat' dir='ltr'>repudiavit</span> <span class='ocrx_word' id='word_1_326' title='bbox 1321 4154 1372 4205; x_wconf 87' lang='lat' dir='ltr'>aut</span> <span class='ocrx_word' id='word_1_327' title='bbox 1383 4154 1542 4225; x_wconf 85' lang='lat' dir='ltr'>tamquam</span> 
     </span>
     <span class='ocr_line' id='line_1_37' title="bbox 257 4253 1542 4332; baseline 0 -15"><span class='ocrx_word' id='word_1_328' title='bbox 257 4259 293 4317; x_wconf 90' lang='lat' dir='ltr'>ad</span> <span class='ocrx_word' id='word_1_329' title='bbox 317 4258 475 4316; x_wconf 88' lang='lat' dir='ltr'>obrussam</span> <span class='ocrx_word' id='word_1_330' title='bbox 499 4257 608 4332; x_wconf 86' lang='lat' dir='ltr'>exegit3</span> <span class='ocrx_word' id='word_1_331' title='bbox 634 4256 704 4332; x_wconf 83' lang='lat' dir='ltr'>qum</span> <span class='ocrx_word' id='word_1_332' title='bbox 728 4256 816 4315; x_wconf 88' lang='lat' dir='ltr'>etiam</span> <span class='ocrx_word' id='word_1_333' title='bbox 840 4256 896 4314; x_wconf 89' lang='lat' dir='ltr'>hoc</span> <span class='ocrx_word' id='word_1_334' title='bbox 921 4256 1008 4314; x_wconf 88' lang='lat' dir='ltr'>modo</span> <span class='ocrx_word' id='word_1_335' title='bbox 1025 4254 1240 4313; x_wconf 88' lang='lat' dir='ltr'>accuratiorem</span> <span class='ocrx_word' id='word_1_336' title='bbox 1257 4253 1420 4329; x_wconf 88' lang='lat' dir='ltr'>imaginem</span> <span class='ocrx_word' id='word_1_337' title='bbox 1436 4275 1542 4317; x_wconf 91' lang='lat' dir='ltr'>eorum</span> 
     </span>
     <span class='ocr_line' id='line_1_38' title="bbox 258 4360 1543 4440; baseline 0 -16"><span class='ocrx_word' id='word_1_338' title='bbox 258 4383 332 4440; x_wconf 89' lang='lat' dir='ltr'>quos</span> <span class='ocrx_word' id='word_1_339' title='bbox 350 4365 515 4423; x_wconf 90' lang='lat' dir='ltr'>celebrabat</span> <span class='ocrx_word' id='word_1_340' title='bbox 532 4385 564 4422; x_wconf 90' lang='lat' dir='ltr'>se</span> <span class='ocrx_word' id='word_1_341' title='bbox 580 4363 748 4422; x_wconf 87' lang='lat' dir='ltr'>habiturum</span> <span class='ocrx_word' id='word_1_342' title='bbox 767 4363 902 4439; x_wconf 86' lang='lat' dir='ltr'>speravit.</span> <span class='ocrx_word' id='word_1_343' title='bbox 940 4363 1095 4421; x_wconf 88' lang='lat' dir='ltr'>Praeterea</span> <span class='ocrx_word' id='word_1_344' title='bbox 1112 4380 1155 4433; x_wconf 88' lang='lat' dir='ltr'>ec,</span> <span class='ocrx_word' id='word_1_345' title='bbox 1174 4362 1252 4438; x_wconf 87' lang='lat' dir='ltr'>quod</span> <span class='ocrx_word' id='word_1_346' title='bbox 1267 4360 1315 4419; x_wconf 91' lang='lat' dir='ltr'>hic</span> <span class='ocrx_word' id='word_1_347' title='bbox 1328 4360 1543 4424; x_wconf 87' lang='lat' dir='ltr'>Demosthenis</span> 
     </span>
     <span class='ocr_line' id='line_1_39' title="bbox 258 4468 1542 4552; baseline 0.002 -21"><span class='ocrx_word' id='word_1_348' title='bbox 258 4469 390 4549; x_wconf 71' lang='lat' dir='ltr'>acipralis</span> <span class='ocrx_word' id='word_1_349' title='bbox 415 4479 442 4531; x_wconf 90' lang='lat' dir='ltr'>ct</span> <span class='ocrx_word' id='word_1_350' title='bbox 467 4470 583 4548; x_wconf 88' lang='lat' dir='ltr'>ingenio</span> <span class='ocrx_word' id='word_1_351' title='bbox 609 4490 678 4550; x_wconf 89' lang='lat' dir='ltr'>prae</span> <span class='ocrx_word' id='word_1_352' title='bbox 694 4469 832 4532; x_wconf 74' lang='lat' dir='ltr'>cuntibus</span> <span class='ocrx_word' id='word_1_353' title='bbox 849 4469 973 4549; x_wconf 86' lang='lat' dir='ltr'>insignis</span> <span class='ocrx_word' id='word_1_354' title='bbox 991 4468 1053 4545; x_wconf 90' lang='lat' dir='ltr'>luit,</span> <span class='ocrx_word' id='word_1_355' title='bbox 1078 4468 1154 4527; x_wconf 88' lang='lat' dir='ltr'>Plnt.</span> <span class='ocrx_word' id='word_1_356' title='bbox 1172 4469 1314 4550; x_wconf 87' lang='lat' dir='ltr'>pellectus</span> <span class='ocrx_word' id='word_1_357' title='bbox 1332 4487 1400 4534; x_wconf 89' lang='lat' dir='ltr'>esse</span> <span class='ocrx_word' id='word_1_358' title='bbox 1417 4470 1542 4552; x_wconf 87' lang='lat' dir='ltr'>videtur,</span> 
     </span>
    </p>
   </div>
   <div class='ocr_carea' id='block_1_3' title="bbox 0 0 1587 5152">
    <p class='ocr_par' dir='ltr' id='par_1_10' title="bbox 0 0 1587 5152">
     <span class='ocr_line' id='line_1_40' title="bbox 0 0 1587 5152; baseline 0 0"><span class='ocrx_word' id='word_1_359' title='bbox 0 0 1587 5152; x_wconf 95' lang='lat' dir='ltr'> </span> 
     </span>
    </p>
   </div>
  </div>
 </body>
</html>
